1908 3135
364 247 379 285 ]
391 245 445 285 06
775 255 1014 287 GIRALDUS
1049 255 1349 287 CAMBRENSIS

357 354 694 408 aeternitatisque
742 355 987 395 memoriam
1045 361 1226 408 uterque
1285 353 1532 408 promeruit.
1613 352 1754 392 Ambo

355 428 528 461 staturae
559 421 741 475 grandis,
773 422 985 476 pauloque
1016 421 1243 475 plusquam
1274 420 1508 468 mediocris,
1532 426 1575 459 et
1606 419 1753 460 formae

354 489 493 542 dignae
514 488 706 542 imperio.
769 488 1007 528 Strenuitas
1032 487 1116 527 illis
1147 494 1191 527 et
1221 487 1349 527 animi
1380 485 1629 540 magnitudo
1661 485 1749 525 fere

355 570 444 609 par,
481 556 554 595 sed
583 555 649 595 via
681 555 852 595 virtutis
882 554 1000 595 valde
1034 555 1186 608 dispar.
1263 554 1364 594 Ille1
1396 553 1570 593 lenitate
1610 552 1755 592 lauda-

356 622 453 662 bilis
486 630 529 662 et
558 622 838 672 liberalitate3
870 622 973 662 iste2
995 621 1215 662 severitate
1247 620 1489 675 spectabilis
1520 627 1563 660 et
1593 619 1752 660 stabili-

358 696 457 729 tate.
519 689 598 729 Ille
639 689 844 729 suavitate
886 688 1243 737 commendabilis,
1277 688 1345 728 hic
1385 687 1603 741 gravitate.
1682 685 1753 726 Illi

356 755 536 795 facilitas
588 756 686 796 huic
727 756 962 796 constantia
1012 756 1180 795 laudem
1229 755 1410 809 peperit.
1472 754 1551 794 Ille
1590 753 1752 793 miseri-

355 823 496 862 cordia
531 822 796 876 conspicuUS,
819 823 898 862 iste
929 822 1113 876 justitia.
1175 821 1254 861 Ille
1286 822 1535 861 miserorum
1566 827 1609 860 et
1642 820 1749 860 male

353 889 599 929 meritorum
649 889 876 942 refugium,
927 889 1006 928 iste
1056 888 1326 942 supplicium.
1405 887 1486 928 Ille
1543 887 1750 927 malorum

353 955 540 1009 clypeUS,
586 956 664 995 iste
713 955 901 995 malleus.
964 954 1133 994 Martiis
1173 954 1244 994 ille
1283 954 1395 994 ludis
1445 954 1650 1002 addictus,
1682 954 1750 993 hic

353 1022 497 1071 seriis3
532 1022 604 1062 ille
638 1021 865 1069 extraneis,
900 1021 979 1060 iste
1008 1021 1121 1070 suis3
1157 1020 1228 1061 ille
1261 1020 1470 1068 omnibus,
1501 1020 1580 1061 iste
1612 1020 1748 1061 bonis.

353 1089 432 1129 Ille
466 1088 812 1142 magnanimitate
847 1088 1054 1128 mundum
1085 1087 1311 1137 ambiebat,
1344 1087 1423 1127 iste
1454 1088 1534 1127 sibi
1566 1088 1616 1128 de
1652 1088 1749 1142 jure

352 1157 635 1210 competentia
668 1170 753 1196 non
787 1155 1061 1195 inefficaciter
1096 1156 1338 1209 appetebat.
1403 1154 1488 1194 Sed
1528 1155 1632 1209 quid
1673 1171 1749 1209 per

352 1223 518 1277 singula
537 1224 690 1264 curro?
737 1223 895 1263 Tantos
916 1223 968 1262 ab
990 1237 1075 1262 uno
1093 1222 1284 1275 principe
1307 1222 1411 1261 duos
1433 1228 1476 1262 et
1497 1228 1580 1261 tam
1613 1222 1748 1262 diver-

352 1291 535 1331 sissimos
574 1305 650 1330 nec
692 1305 876 1344 praesens
915 1296 1031 1338 aetas,
1073 1304 1149 1329 nec
1191 1289 1279 1329 ulla
1317 1288 1467 1329 recolit
1501 1289 1745 1344 antiquitas.

355 1357 467 1397 Sunt
487 1357 613 1397 etiam
645 1357 712 1397 hic
734 1357 924 1396 addenda
940 1358 954 1379 ³
985 1356 1198 1410 prioribus
1230 1371 1279 1396 ea
1301 1371 1397 1409 quae
1429 1371 1484 1396 ex
1510 1363 1606 1410 post
1626 1356 1747 1396 factis

352 1425 587 1479 adjicienda
616 1424 901 1478 cognovimus
964 1423 1137 1465 Quanto
1178 1423 1440 1463 strenuitatis
1468 1423 1624 1463 indicio
1657 1423 1749 1463 An-

352 1491 449 1545 gliae
471 1506 663 1532 coronam
686 1491 877 1544 adeptus,
911 1490 953 1529 in
975 1489 1314 1544 peregrinatione
1336 1490 1604 1543 postmodum
1632 1489 1749 1530 Iero-

352 1558 603 1613 solymitana
620 1558 830 1598 Messanae
848 1572 991 1597 muros
1005 1556 1182 1610 irrupit;
1206 1564 1249 1597 et
1264 1557 1379 1596 intus
1393 1557 1603 1597 existente
1618 1557 1747 1597 Fran-

352 1641 496 1666 corum
532 1626 653 1679 Rege
691 1624 905 1678 Philippo,
933 1624 1005 1664 sed
1036 1624 1096 1663 nil
1135 1623 1218 1663 tale
1250 1624 1482 1664 meditante
1516 1624 1581 1664 vel
1611 1625 1746 1678 suspi-

351 1700 485 1743 cante,
525 1693 700 1733 eandem
740 1691 1014 1731 nihilominus
1049 1690 1228 1731 viriliter
1268 1690 1464 1731 intrando
1505 1691 1742 1732 debellavit.

351 1759 539 1800 Insulam
556 1759 791 1814 Cyprieam,
806 1758 953 1812 piratis
970 1757 1133 1811 asylum
1148 1757 1351 1797 hactenus
1370 1765 1412 1797 et
1426 1758 1612 1811 paganis,
1631 1758 1745 1799 felici

349 1827 515 1880 navigio
543 1826 796 1881 subjugavit,
829 1832 872 1865 et
901 1832 1140 1879 tyrannum,
1171 1825 1245 1878 qui
1276 1824 1541 1879 imperatoris
1574 1840 1744 1879 quoque

348 1908 501 1934 nomen
523 1894 603 1933 sibi
624 1900 912 1946 usurpaverat,
936 1892 1148 1945 captivum
1171 1892 1366 1932 abduxit.
1428 1892 1745 1933 Dromundum‘*

351 1960 551 2010 Saladini,
574 1960 625 2000 ad
647 1959 837 1999 Aeonem
869 1958 1145 1998 muniendum
1176 1958 1300 1998 armis
1333 1965 1376 1998 et
1395 1958 1649 1999 victualibus
1678 1974 1744 1999 re·-

348 2026 519 2075 fertum,
538 2026 675 2066 obiter
705 2025 970 2074 offendendo,
992 2039 1067 2078 per
1086 2024 1224 2077 galeas
1254 2025 1453 2065 audacter
1483 2041 1742 2080 expugnare,

350 2093 580 2146 rostrisque
601 2092 766 2132 ferratis
787 2092 937 2131 subtus
957 2098 1191 2145 penetrare,
1212 2091 1345 2131 donec
1374 2093 1478 2132 mari
1498 2094 1743 2147 absorptum

350 2159 525 2208 videret,
547 2174 631 2199 non
653 2159 838 2199 cessavit.
901 2158 1086 2198 Demum
1109 2158 1299 2198 Aeonem
1313 2159 1496 2209 veniens,
1514 2175 1743 2214 murosque

351 2227 492 2267 statim
524 2241 620 2267 cum
648 2226 906 2265 Francorum
928 2241 1097 2279 quoque
1120 2225 1240 2279 Rege
1271 2226 1470 2280 Philippo
1497 2242 1540 2266 se
1568 2227 1743 2267 viriliter

350 2293 546 2342 habente,
561 2293 788 2333 suffodiens
809 2300 852 2332 et
862 2292 1075 2346 dejiciens,
1091 2293 1240 2332 urbem
1256 2300 1455 2347 potenter
1467 2295 1741 2348 expugnavit,

352 2369 395 2401 et
416 2361 495 2400 tria
516 2360 752 2400 Turcorum
772 2359 904 2399 millia
925 2359 969 2398 in
991 2374 1060 2399 ore
1082 2359 1211 2413 gladii
1227 2360 1460 2401 decollavit.
1524 2361 1743 2401 Catervam

352 2428 652 2482 Babylonicam
703 2427 754 2467 ad
802 2426 1084 2466 munitionem
1127 2425 1398 2481 Ierosolymae
1449 2427 1500 2468 de
1551 2428 1741 2482 AEgypto

400 2573 408 2590 ¹
437 2572 616 2604 Henricus.
760 2571 773 2589 ²
797 2570 974 2603 Ricardus.
1080 2577 1213 2612 matter,
1231 2570 1403 2615 evidently
1420 2570 1529 2604 added
1555 2576 1588 2603 at
1614 2582 1633 2603 a
1657 2571 1741 2604 later

398 2618 411 2637 ³
436 2618 527 2650 Here
557 2617 613 2649 the
640 2616 758 2649 author
787 2617 846 2649 has
872 2616 1015 2648 omitted
1080 2616 1206 2660 period.

352 2669 427 2708 part
445 2663 482 2695 of
503 2663 556 2695 his
581 2663 785 2706 description
803 2662 841 2695 of
856 2662 1015 2703 Richard,
1126 2662 1138 2680 ⁴
1163 2663 1185 2681 ‘⁶
1203 2662 1369 2704 Quaedam
1398 2661 1491 2695 navis
1520 2663 1739 2706 permaxima,

352 2708 462 2742 which
488 2709 516 2741 is
542 2708 645 2741 found
671 2708 704 2740 in
730 2708 786 2740 the
819 2708 964 2751 Topogr.
981 2719 1013 2752 p.
1081 2719 1180 2751 quam
1215 2708 1438 2741 dromundam
1470 2708 1625 2741 vocant.''
1672 2709 1740 2741 Ra-

354 2757 430 2798 753,
456 2760 491 2787 to
518 2754 616 2787 make
646 2765 737 2786 room
767 2754 817 2786 for
844 2753 911 2786 this
940 2765 1014 2786 new
1081 2753 1196 2798 dulph.
1212 2753 1431 2798 Coggeshalc,
1445 2765 1477 2798 p.
1491 2756 1547 2796 64,
1562 2753 1614 2787 ed.
1630 2754 1739 2798 Bouq.
