1908 3135
204 221 352 284 APP“.]
516 236 579 267 DE
613 233 966 267 INSTRUCTIONE
1002 232 1280 264 PRINCIPUM.
1509 223 1585 261 195

204 336 272 375 cui
294 351 447 376 nomen
469 336 703 384 Nunenta‚¹
728 335 894 374 duobus
919 333 1008 373 fere
1028 332 1242 373 mensibus
1274 330 1589 384 expeditionem

202 404 495 457 protraxisset,
535 417 724 443 reversus
766 401 1008 442 Aurelianis
1057 399 1171 453 gravi
1221 398 1367 438 morbo
1415 406 1457 436 et
1502 398 1589 436 fere

205 470 425 525 desperato
469 470 686 511 decubuit.
766 469 899 522 Cujus
949 483 1044 508 cum
1093 466 1259 515 medici,
1300 473 1385 505 tam
1433 463 1591 517 proprii

204 553 331 591 quam
369 539 560 591 undique
600 537 874 585 confluentes,
916 550 1058 575 causas
1091 532 1356 588 aegritudinis
1396 530 1592 571 subtilius

203 605 535 659 inquisivissent,
558 604 729 644 tandem
763 603 807 643 in
842 603 920 642 hoc
956 615 1102 641 01111103
1139 606 1437 646 0011νο110111111,
1478 597 1591 652 quod

205 687 261 712 ex
273 672 399 726 longa
412 671 674 712 continentia
694 677 736 710 et
757 669 925 710 defectu
947 669 1082 709 coitus
1102 666 1414 707 incommodum
1429 665 1467 705 ei
1489 665 1593 704 illud

203 739 439 789 acciderat3
492 745 581 779 erat
620 737 733 778 enim
772 737 850 777 1100
888 737 995 776 circa
1033 735 1169 789 prima
1210 742 1399 787 tempora
1439 733 1592 786 quibus

205 807 416 860 Reginam
454 806 612 846 scilicet
636 805 762 846 Alam
799 804 967 844 1101111110
1001 803 1196 850 duxerat,
1237 801 1287 840 de
1328 815 1411 854 qua
1450 807 1594 853 postea

206 873 455 928 Philippum
501 873 664 926 Regem
715 877 969 926 susceperat,
1021 885 1146 924 quam
1196 883 1280 908 non
1331 867 1594 907 mediocriter

205 941 422 995 diligebat.
485 940 581 980 Hoc
614 940 746 993 igitur
783 939 821 979 ei
855 938 1052 993 exposito
1085 951 1224 977 coram
1258 934 1376 975 urbis
1407 934 1595 988 ejusdem

207 1008 418 1062 episcopo,
441 1007 665 1047 abbatibus
687 1021 858 1061 quoque
893 1014 936 1046 et
967 1005 1193 1060 prioribuS,
1213 1002 1401 1057 personis
1426 1016 1596 1055 quoque

206 1074 399 1129 plurimis
433 1089 480 1114 ac
500 1074 598 1114 viris
630 1073 876 1127 religionem
897 1073 1049 1113 habitu
1083 1070 1412 1127 praeferentibus
1432 1069 1484 1108 ad
1518 1069 1596 1108 1100

206 1142 414 1191 adductis,
453 1140 735 1182 incontinenti
783 1140 882 1181 Rex
923 1140 1164 1195 respondit:
1219 1138 1464 1178 “Mutatur
1503 1151 1596 1190 erqo

198 1215 375 1263 propter
390 1208 636 1262 Re9i7zam.’‘
699 1208 783 1248 Sed
805 1208 904 1261 quia
930 1208 973 1248 in
1001 1207 1174 1247 remotis
1196 1213 1296 1245 tunc
1330 1205 1438 1244 forte
1460 1204 1598 1243 fuerat

207 1277 359 1316 abinde
394 1275 600 1330 partibUS,
636 1282 679 1315 et
712 1276 885 1315 morbus
915 1275 1114 1323 instabat,
1148 1272 1371 1313 consilium
1408 1271 1596 1310 omnium

205 1343 250 1383 in
283 1357 503 1383 commune
538 1341 679 1382 fuerat
715 1341 830 1395 quod
860 1341 1003 1395 puella
1034 1341 1073 1381 ei
1104 1340 1247 1394 aliqua
1280 1338 1464 1386 interim,
1501 1352 1597 1390 quae

210 1410 290 1450 sibi
330 1409 564 1450 remedium
615 1415 890 1462 compararet,
931 1415 974 1448 et
1024 1407 1145 1462 quasi
1182 1407 1311 1447 vitam
1359 1404 1598 1452 redimeret,

211 1478 507 1518 adduceretur.
588 1475 718 1517 Quod
757 1490 853 1515 cum
893 1475 932 1515 ei
974 1480 1274 1529 proponerent,
1314 1472 1421 1512 hanc
1470 1471 1599 1511 solam

208 1545 298 1585 fore
335 1559 478 1584 curam
517 1542 576 1583 eis
608 1548 854 1591 asserentes,
896 1542 1118 1596 episcopus
1159 1540 1286 1580 etiam
1327 1546 1370 1580 et
1407 1551 1598 1593 personae

212 1612 289 1666 qui
319 1612 494 1652 aderant
526 1624 671 1650 omnes
703 1609 863 1663 peccati
896 1608 1197 1664 impunitatem
1232 1607 1271 1646 ei
1302 1605 1601 1660 promitterent

211 1687 255 1720 et
285 1694 383 1733 erga
416 1678 561 1719 Deum
592 1692 719 1731 super
749 1677 827 1717 hoc
858 1693 901 1718 se
941 1690 1160 1731 sponsores
1192 1675 1352 1723 darent,
1383 1673 1601 1727 respondit

210 1747 272 1788 vir
320 1747 482 1787 bonus:
536 1744 628 1784 “Si
678 1759 763 1784 non
808 1753 873 1784 est
921 1744 1001 1783 alia
1044 1757 1170 1796 quam
1215 1741 1307 1781 haec
1348 1739 1600 1780 valetudinis

209 1815 338 1868 hujus
377 1828 490 1862 cura,
531 1812 658 1852 faciat
708 1811 758 1851 de
805 1826 871 1852 1110
904 1811 1116 1851 Dominus
1154 1809 1416 1849 voluntatem
1465 1822 1598 1854 suam,

211 1881 311 1935 quia
331 1880 440 1920 malo
461 1879 566 1919 mori
593 1886 732 1919 castus
765 1893 891 1932 quam
912 1878 1050 1918 vivere
1083 1876 1287 1917 adulter.''
1348 1875 1407 1915 Et
1427 1876 1483 1915 sic
1507 1875 1600 1915 Deo

210 1956 348 1989 totum
379 1947 658 1995 committens,
682 1945 870 2000 ejusdem
894 1944 1174 1992 miseratione,
1198 1943 1271 1997 qui
1304 1957 1387 1981 non
1422 1941 1601 1982 derelin-

210 2016 305 2070 quit
325 2020 540 2069 sperantes
559 2014 602 2054 in
624 2029 682 2063 se,
704 2013 822 2053 brevi
860 2012 1164 2060 convalescens,
1187 2010 1371 2051 remedio
1400 2009 1602 2049 divinitus

209 2084 307 2124 dato
356 2082 494 2123 morbi
542 2081 748 2121 malitiam
809 2079 1092 2133 exsuperavit.
1174 2078 1212 2118 O
1263 2091 1387 2130 quam
1437 2090 1599 2123 sanum,

209 2166 337 2206 quam
372 2149 652 2198 salutiferum,
694 2154 1016 2201 memoratuque
1058 2145 1362 2199 dignissimum,
1400 2142 1601 2198 principis

208 2219 382 2260 verbum
403 2219 412 2258 !

270 2286 351 2326 Cui
390 2283 652 2324 simillimum
694 2297 864 2336 quoque
904 2281 1173 2335 postmodum
1210 2277 1376 2332 nepotis
1411 2277 1596 2330 ejusdem

211 2368 267 2393 ex
288 2352 389 2401 filio,
412 2358 455 2391 et
481 2351 532 2390 ab
554 2350 617 2390 avi
642 2349 748 2389 tanti
780 2356 929 2389 natura
951 2347 1152 2388 laudabili
1182 2360 1266 2385 non
1291 2344 1597 2397 degenerantis,

255 2441 268 2460 ²
293 2441 425 2473 “Anno
442 2441 540 2472 1169,
590 2439 664 2470 Rex
680 2437 870 2470 Ludovicus
901 2447 904 2497 J
937 2443 1033 2481 prout
1054 2435 1164 2468 videre
1192 2440 1242 2466 est
1270 2438 1362 2464 tomo
1388 2440 1500 2464 nostro
1531 2431 1600 2464 xiv.

210 2487 312 2520 finem
347 2485 564 2530 impositurus
606 2483 755 2516 dissidiis
796 2494 870 2527 quae
902 2504 903 2526 3
937 2495 969 2526 p.
1002 2484 1082 2514 466.
1144 2480 1243 2513 Unde
1277 2477 1447 2520 tin-aldus,
1481 2489 1598 2521 quam-

209 2539 413 2566 emerscraut
450 2532 535 2564 inter
562 2530 778 2563 Aniciensem
810 2540 869 2561 scu
902 2534 903 2552 ³
937 2540 1036 2572 quam
1077 2527 1255 2560 discrimen
1286 2531 1386 2569 ponat
1427 2525 1511 2557 infra
1549 2525 1597 2556 in-

207 2579 409 2612 Podieusem
437 2577 632 2622 episcopum
663 2582 695 2607 et
726 2576 870 2608 Arman-
901 2559 904 2644 1
937 2581 986 2607 ter
1018 2573 1244 2619 Burgundioni
1287 2575 1407 2619 rugiam
1444 2578 1476 2602 et
1515 2571 1598 2603 Bar-

207 2637 289 2658 num
354 2623 570 2657 l'odeinuiaci
624 2621 868 2662 vicecomitem,
902 2645 903 2656 ,
933 2621 1089 2664 gaudiam
1133 2621 1269 2665 imperii,
1304 2619 1495 2653 Alrerniam
1539 2629 1597 2662 pro

205 2676 362 2715 suscepta
386 2670 418 2702 in
438 2668 632 2702 Alverniam
652 2666 868 2711 expeditione
940 2666 1133 2711 Burgundia
1188 2666 1335 2699 seribere
1387 2663 1594 2699 debuisset?

206 2717 413 2757 Nonnetam,
441 2714 657 2755 vicecomitis,
686 2713 868 2757 peregrinis
938 2712 1103 2757 Bouquet.

206 2764 308 2797 etiarn
331 2761 454 2803 infesti,
473 2767 618 2793 castrum
651 2759 866 2804 expugnarit,

1398 2817 1456 2846 023
