1908 3135
507 221 570 252 DE
606 218 958 252 INSTRUCTIONE
995 217 1275 250 PRINCIPUM.
1536 208 1588 246 55

184 321 368 370 fuerant,
406 327 505 361 sunt
545 327 684 361 tamen
727 319 769 359 in
812 318 1009 359 omnibus
1049 316 1248 358 historica
1287 314 1463 356 veritate
1503 315 1590 355 suf-

185 387 308 429 fulta.

240 457 267 476 “
286 458 298 479 ¹
318 454 437 495 Gens
456 453 589 508 igitur
611 452 859 507 Hybernica
879 467 903 493 a
922 450 1062 506 primo
1083 451 1288 491 adventus
1310 449 1376 490 sui
1397 456 1587 503 tempore

181 529 226 563 et
260 522 387 576 primi
420 521 536 562 illius
557 520 819 574 Herymonis
850 534 983 573 regno
1004 533 1140 573 usque
1170 518 1224 558 ad
1260 517 1505 558 Gurmundi
1546 522 1590 556 ct

183 588 377 644 Turgesii
414 596 604 643 tempora
627 588 804 642 (quibus
840 594 884 628 et
915 587 1087 627 turbata
1119 585 1240 639 quies
1273 592 1316 625 et
1350 584 1590 637 interrupta

183 656 446 710 aliquamdiu
466 655 551 696 fuit
583 657 675 710 ejus
712 654 1033 708 tranquillitas),
1068 653 1316 706 iterumque
1356 651 1408 691 ab
1441 665 1589 691 eorum

182 723 306 763 obitu
342 737 478 776 usque
509 723 563 763 ad
594 722 687 763 haec
718 728 861 762 nostra
893 727 1097 774 tempora,
1125 720 1178 760 ab
1214 717 1328 759 omni
1358 717 1588 758 alienarum

181 790 377 843 gentium
395 790 569 830 incursu
581 790 716 830 libera
731 789 886 830 mansit
910 795 954 828 et
969 788 1220 828 inconcussa
1237 803 1247 836 3
1271 786 1403 826 donec
1419 799 1496 839 per
1515 799 1588 825 vos

182 856 303 909 (Rex
343 857 630 911 invictissime)
659 864 703 897 et
744 863 898 897 vestrae
934 854 1214 895 animositatis
1253 851 1484 901 audaciam,
1522 852 1587 892 his

182 925 322 965 denuo
342 925 496 965 nostris
517 925 664 965 diebus
700 930 764 964 est
795 923 1048 977 subjugata3
1081 936 1191 961 anno
1221 919 1420 960 videlicet
1448 919 1586 958 aetatis

182 1000 332 1033 vestrae
355 1005 447 1033 XLI.
469 991 589 1045 regni
610 990 737 1032 vestri
752 1003 862 1031 XVII.
883 990 934 1030 ab
951 988 1247 1029 Incarnatione
1260 1002 1358 1027 vero
1373 999 1583 1026 Mchxn.

237 1062 265 1081 “
286 1059 462 1099 Certant
498 1058 610 1098 enim
650 1072 746 1097 cum
775 1057 875 1097 orbe
916 1063 1124 1096 terrarum
1162 1054 1351 1095 victoriae
1402 1060 1582 1102 vestrae3

116 1139 120 1142 ·
179 1141 277 1167 cum
297 1141 321 1166 a
344 1125 564 1179 Pyrenaeis
588 1123 812 1178 Hispaniae
840 1122 1058 1163 montibus
1085 1136 1222 1175 usque
1250 1120 1295 1160 in
1323 1120 1518 1160 occiduos
1543 1127 1587 1160 et

180 1199 394 1233 extremos
426 1192 614 1233 Borealis
643 1190 786 1231 oceani
813 1189 919 1229 fines
939 1188 1188 1228 Alexander
1214 1195 1357 1227 noster
1379 1186 1586 1227 Occiden—

181 1260 275 1301 talis
288 1260 508 1300 brachium
526 1257 772 1299 extendisti.
836 1256 1060 1298 Quantum
1081 1255 1213 1308 igitur
1232 1254 1297 1294 his
1318 1254 1362 1293 in
1392 1253 1585 1307 partibus

182 1334 332 1368 natura
353 1333 496 1376 terras,
520 1332 686 1366 tantum
708 1330 750 1364 et
762 1323 958 1364 victorias
983 1322 1193 1363 extulisti.
1257 1321 1304 1362 Si
1325 1335 1583 1361 excursuum

180 1401 354 1436 tuorum
383 1401 511 1435 metae
546 1398 809 1447 quaerantur,
831 1390 951 1445 prius
986 1390 1121 1431 deerit
1148 1388 1262 1429 orbis
1288 1403 1416 1442 quam
1446 1387 1584 1427 aderit

178 1462 288 1504 finis.
349 1461 557 1503 Animoso
579 1460 739 1514 quippe
765 1458 929 1513 pectori
951 1472 1110 1498 cessare
1132 1462 1312 1512 possunt
1333 1462 1472 1505 terrae,
1496 1471 1583 1496 ces-

177 1545 268 1571 sare
303 1529 499 1570 nesciunt
532 1527 747 1576 victoriae3
808 1540 885 1567 nec
922 1525 1066 1565 deesse
1106 1530 1313 1578 poterunt
1359 1523 1580 1577 triumphi,

178 1597 252 1638 sed
270 1597 448 1638 materia
467 1594 775 1650 triumphandi.

235 1664 476 1708 “Qualiter
508 1663 641 1717 igitur
676 1661 814 1702 titulis
850 1667 894 1701 et
924 1659 1152 1714 triumphis
1187 1658 1337 1699 vestris
1375 1658 1581 1699 Hiberni-

177 1747 251 1773 cus
281 1731 394 1773 orbis
431 1729 687 1772 accesserit?
747 1728 922 1770 Quanta
957 1734 999 1768 et
1029 1741 1158 1781 quam
1187 1725 1391 1766 laudabili
1421 1726 1580 1765 virtute

176 1799 322 1841 oceani
359 1804 519 1840 secreta
559 1803 602 1837 et
633 1795 800 1837 occulta
828 1801 994 1835 naturae
1043 1793 1236 1848 deposita
1268 1800 1579 1846 transpenetra-

174 1867 314 1908 veris?
374 1866 517 1909 Quam
536 1870 794 1919 praemature
817 1869 860 1903 et
879 1861 1192 1916 intempestive,
1212 1874 1340 1914 quam
1362 1859 1578 1901 celerrime

174 1942 219 1977 et
255 1932 574 1975 scelerosissime
613 1930 816 1971 intestina
855 1928 1166 1983 conspiratione
1203 1928 1255 1968 ab
1296 1942 1403 1968 ausu
1443 1926 1578 1967 nobili

173 2008 393 2043 revocatus
412 2000 558 2048 fucris,
580 1998 755 2039 victoria
788 2004 931 2037 tamen
965 1995 1187 2050 completa,
1210 1995 1283 2035 sed
1313 1994 1501 2035 nondum
1532 1994 1577 2034 in

172 2070 351 2110 formam
390 2068 563 2121 regione
595 2065 795 2106 redacta?
855 2063 1056 2107 Qualiter
1093 2062 1330 2117 fulguranti
1371 2063 1576 2103 adventus

173 2138 301 2178 vestri
348 2136 510 2176 lumine
550 2133 724 2174 attoniti
773 2131 1055 2173 occidentales
1103 2130 1243 2185 reguli
1282 2137 1484 2185 tanquam
1523 2129 1575 2170 ad

172 2205 401 2245 lucubrum
446 2202 580 2251 avide,
616 2201 669 2241 ad
703 2207 890 2241 vestrum
923 2198 1067 2239 statim
1106 2197 1334 2252 imperium
1383 2197 1576 2238 convola-

174 2278 340 2313 verunt.
413 2270 556 2312 Quam
590 2267 890 2308 innaturaliter
935 2273 979 2306 et
1013 2265 1316 2306 illaudabiliter
1355 2266 1575 2318 conjurata

172 2339 217 2379 in
236 2345 427 2379 ventrem
451 2336 622 2384 viscera,
648 2341 734 2375 tam
756 2332 987 2373 Orientalis
1016 2332 1135 2373 Asiae
1173 2346 1300 2385 quam
1322 2332 1450 2372 etiam
1469 2331 1572 2371 His-

173 2406 312 2461 paniae
333 2402 527 2445 victorias
546 2408 718 2450 vestras,
753 2415 857 2454 quas
880 2399 1226 2440 Occidentalibus
1253 2398 1500 2439 continuare
1529 2406 1573 2438 et

172 2474 299 2515 fidem
322 2470 481 2513 Christi
516 2469 683 2523 egregie
715 2467 889 2508 dilatare
923 2467 1065 2507 animo
1103 2466 1270 2506 excelso
1298 2467 1387 2520 jam
1424 2481 1570 2506 concc-

172 2556 306 2596 peras,
328 2547 415 2580 tam
438 2552 567 2593 pravo
589 2542 632 2576 et
651 2535 799 2590 iniquo
833 2534 1021 2583 consilio,
1055 2534 1223 2588 totique
1255 2533 1445 2573 fidelium
1477 2533 1569 2573 orbi

173 2606 504 2655 damnosissimo,
558 2602 814 2644 distulerint.
877 2601 1091 2644 Quantam
1143 2601 1484 2650 misericordiam,
1528 2608 1570 2641 ct

173 2690 300 2731 quam
320 2672 576 2715 laudabilem
611 2671 654 2710 in
692 2669 888 2723 Principe
910 2675 953 2708 ct
984 2668 1222 2723 capitaliter
1252 2669 1412 2709 offenso
1448 2668 1567 2722 chc

635 2760 642 2775 ¹
673 2758 801 2803 Topog.
822 2757 974 2802 Hybcrn.
993 2769 1025 2802 p.
1044 2759 1124 2792 750.
