1908 3135
152 631 270 657 Edward
283 632 330 657 the

151 665 305 691 Confessor.

162 2212 221 2238 The
231 2212 332 2237 virtues

160 2246 190 2272 of
204 2247 284 2271 Louis
296 2247 361 2271 V11.

371 264 451 304 194
749 273 986 305 GIRALDUs
1022 271 1323 304 CAMBRENSIS
1617 252 1760 318 [ΑΡΡΧ.

1041 436 1102 476 Χ.

685 537 770 591 [De
792 537 908 590 Reqe
927 535 1139 576 Edwardo
1167 533 1459 587 Confessore.]1

426 639 586 679 PORRo
609 638 659 678 de
680 636 921 677 Saxonibus
935 649 1112 688 regnum
1140 633 1460 687 occupantibus,
1479 630 1593 685 quod
1606 630 1765 684 absque

369 715 541 761 stupore
554 720 638 745 non
656 703 895 751 recolimus,
918 701 1045 755 digna
1058 708 1292 740 memoratu
1316 699 1511 753 quaedam
1525 704 1765 738 occurrunt.

371 774 422 814 In
474 773 629 827 quibus
667 771 938 811 vehementer
987 767 1292 816 admirandum,
1342 766 1457 820 quod
1506 780 1632 820 super
1680 772 1766 804 tam

370 841 570 882 vitiosum
591 838 928 884 fundamentum,
952 834 1114 875 cunctis
1148 833 1307 887 quippe
1342 848 1418 886 per
1444 832 1706 886 proditiones
1726 839 1769 871 et

373 907 559 962 perjuria
579 905 760 959 turpiter
781 903 883 944 actis
916 909 959 942 et
979 901 1182 950 adauctis,
1216 899 1487 940 laudabiliter
1506 899 1597 939 fieri
1626 898 1769 953 potuit

376 974 626 1022 aedificium3
661 979 703 1012 et
727 971 761 1011 si
782 969 978 1011 violentis
1005 967 1282 1023 praedonibus
1306 966 1676 1019 fraudulentisque
1698 965 1770 1005 de—

374 1043 499 1082 missa
538 1040 622 1081 sint
661 1045 847 1094 peccata,
884 1036 960 1076 ubi
996 1051 1074 1076 nec
1113 1034 1373 1089 poenitentia
1412 1034 1652 1081 subsecuta,
1692 1046 1769 1072 nec

375 1109 514 1150 ablata
550 1114 651 1148 sunt
684 1106 896 1146 restituta.
964 1103 1255 1144 Veruntamen
1292 1102 1344 1141 de
1380 1101 1581 1154 gentibus
1612 1100 1770 1140 eisdem

377 1184 564 1230 tempore
595 1174 863 1229 procedente,
908 1172 1008 1212 Rex
1042 1169 1321 1211 Eadmundus
1367 1184 1445 1223 pro
1482 1167 1641 1209 Christi
1687 1167 1769 1207 fide

374 1244 460 1284 vita
493 1251 658 1283 terrena
692 1241 897 1295 privatus,
920 1239 993 1279 sed
1022 1245 1064 1278 et
1098 1244 1258 1278 aeterna
1293 1236 1408 1277 felici
1441 1234 1770 1276 commutatione

375 1311 577 1351 donatus:
631 1316 674 1350 et
723 1308 824 1348 Rex
877 1306 1096 1347 Oswaldus
1136 1304 1340 1358 martyrio
1378 1303 1527 1343 lavisse
1577 1301 1772 1342 similiter

375 1377 550 1418 crimina
571 1373 1051 1416 visus.--—-Penulti1ni
1081 1385 1252 1425 quoque
1270 1370 1405 1424 Regis
1426 1369 1667 1423 Anglorum
1683 1368 1772 1408 Ed-

375 1445 518 1494 wardi,
544 1445 620 1484 &c.

434 1511 637 1551 Giraldus
658 1516 843 1549 narrates
865 1508 935 1548 the
970 1505 1172 1547 anecdote
1193 1504 1241 1545 of
1268 1504 1340 1544 the
1363 1504 1474 1544 thief
1501 1503 1679 1557 stealing
1700 1503 1771 1544 the

378 1579 537 1620 clothes
569 1578 677 1618 from
710 1577 782 1617 the
816 1574 967 1629 King’s
999 1573 1108 1622 bed;
1142 1574 1181 1613 2.
1215 1572 1263 1612 of
1290 1572 1361 1612 the
1394 1571 1545 1625 King’s
1577 1571 1699 1611 order
1729 1578 1772 1611 to

377 1654 535 1687 restore
571 1646 642 1686 the
678 1659 831 1698 money
863 1641 1057 1697 unjustly
1096 1639 1233 1680 levied
1272 1639 1338 1679 for
1379 1639 1450 1679 the
1488 1646 1689 1693 payment
1729 1638 1778 1678 of

378 1712 623 1766 Danege1d3
655 1713 696 1753 3.
729 1711 794 1751 his
830 1712 987 1759 dream,
1026 1709 1070 1748 in
1101 1708 1237 1748 which
1272 1707 1326 1748 he
1359 1721 1441 1747 saw
1476 1707 1547 1747 the
1580 1706 1697 1760 King
1729 1706 1778 1746 of

378 1780 609 1829 Denmark,
641 1779 763 1820 when
794 1777 1023 1833 proposing
1055 1782 1099 1816 to
1134 1775 1284 1815 invade
1320 1774 1532 1828 England,
1554 1773 1627 1814 fall
1663 1773 1772 1813 from

377 1847 442 1887 his
463 1847 558 1901 ship
576 1847 667 1886 into
685 1846 755 1886 the
778 1860 860 1886 sea.

1034 2022 1141 2062 ΧΙ.2

835 2127 921 2181 [De
946 2127 1155 2167 Ludovico
1189 2127 1315 2177 VIL]

436 2234 508 2274 UT
529 2239 673 2273 autem
694 2233 746 2273 ad
765 2232 966 2272 moderna
986 2239 1178 2286 tempora
1198 2246 1414 2286 regnaque
1432 2231 1569 2272 vicina
1599 2232 1774 2286 propius

380 2301 636 2349 accedamus,
684 2299 1031 2340 Christianissimi
1078 2299 1335 2339 Francorum
1377 2298 1509 2352 Regis
1549 2306 1592 2340 et
1630 2306 1774 2339 nostro

380 2377 567 2423 tempore
608 2367 790 2407 feliciter
842 2367 1058 2421 regnantis
1099 2366 1320 2415 Ludovici,
1370 2366 1501 2420 patris
1547 2382 1601 2407 sc.
1642 2366 1775 2420 Regis

382 2436 570 2490 Philippi
618 2435 695 2475 sub
746 2449 831 2488 quo
872 2434 1216 2474 Normannorum
1256 2434 1301 2473 in
1352 2433 1556 2474 Neustria
1605 2433 1776 2474 evanuit

380 2504 525 2557 gloria,
548 2509 665 2557 gesta
687 2502 883 2556 quaedam
903 2509 1137 2542 memoratu
1166 2502 1293 2555 digna
1312 2501 1558 2541 recolemus.
1620 2501 1774 2541 Dictus

379 2571 523 2624 itaque
546 2570 645 2609 Rex
668 2569 922 2617 Ludovicus,
942 2583 1037 2608 cum
1058 2569 1101 2608 in
1123 2568 1248 2608 castri
1269 2568 1487 2622 cujusdam
1509 2568 1772 2621 Burgundiae

380 2638 534 2678 finibus
567 2636 897 2690 expugnatione,
918 2635 1150 2689 peregrinis
1171 2643 1212 2676 et
1233 2635 1466 2676 viatoribus
1498 2634 1773 2683 infestissimi,

568 2768 577 2788 ¹
604 2767 626 2801 f.
648 2770 722 2809 108,
741 2779 770 2800 a.
1076 2767 1080 2812 ῃ
1162 2767 1174 2785 2
1197 2767 1219 2800 f.
1242 2769 1317 2809 108,
1336 2766 1368 2800 b.
