1908 3135
482 234 544 265 DE
579 235 932 269 INSTRUCTIONE
967 239 1245 272 PRINCIPUM.
1500 235 1551 272 25

160 331 362 380 homines,
381 332 491 372 sicut
511 347 586 372 sua
606 335 776 389 propria
794 342 837 376 ct
857 336 1065 377 dominica
1085 337 1266 378 fideliter
1283 340 1492 380 custodiet
1513 349 1555 381 et

161 398 468 440 manutenebit.
533 399 765 454 Postquam
802 401 896 442 Deo
932 418 1029 443 vero
1063 404 1230 445 volente
1261 420 1425 446 crucem
1465 421 1555 446 sus-

161 465 411 519 ceperimus,
432 465 624 507 homines
655 475 820 508 nostros
845 470 920 523 qui
951 471 1170 510 nobiscum
1199 471 1323 512 ibunt
1354 473 1554 513 faciemus

154 533 313 586 jurare,
337 532 452 585 quod
487 533 521 572 si
557 533 760 574 alteruter
791 543 982 576 nostrum
1013 537 1057 576 in
1078 537 1143 578 via
1174 538 1410 588 decesserit,
1441 539 1555 592 quod

162 598 282 638 Deus
297 606 471 648 avertat,
494 599 554 640 ita
587 600 649 640 1111
683 601 758 655 qui
788 609 999 657 superstes
1021 603 1115 653 erit,
1145 604 1326 645 fideliter
1359 605 1552 654 servient,

161 665 271 706 sicut
317 666 522 707 servirent
568 667 737 707 domino
785 683 861 708 suo
893 669 927 709 si
960 669 1078 711 vivus
1111 678 1233 720 esset,
1268 672 1471 724 quamdiu
1509 672 1552 711 in

162 739 272 772 terra
321 732 671 788 Ierosolymitana
714 736 867 775 morari
912 736 1106 778 voluerit.
1188 738 1417 778 Pecuniam
1456 753 1553 779 vero

161 798 352 839 defuncti
381 800 498 840 vivus
532 800 708 842 habebit
743 802 795 841 ad
822 802 1062 843 faciendum
1100 805 1315 845 servitium
1351 805 1552 846 Christia-

160 866 317 915 nitatis,
342 874 499 920 praeter
529 874 692 921 partem
726 868 853 917 illam,
877 884 1003 923 quam
1036 878 1133 911 ante
1163 872 1242 912 iter
1273 887 1396 912 suum
1428 873 1553 912 certis

158 931 259 972 10013
281 940 323 972 et
350 935 474 974 certis
509 935 697 988 personis
722 936 899 975 dandam
931 937 1174 978 decreverit.
1235 938 1296 978 Et
1315 939 1348 978 si
1372 947 1552 992 uterque

156 1006 348 1040 nostrum
385 1001 623 1050 decesserit,
646 1002 761 1055 quod
793 1002 912 1042 Deus
944 1011 1116 1053 avertat,
1139 1005 1355 1058 eligemus,
1379 1006 1411 1045 si
1434 1005 1552 1048 Deus

161 1066 282 1106 nobis
303 1067 486 1121 spatium
506 1069 744 1118 indulserit,
767 1070 818 1109 de
840 1070 982 1123 probis
1014 1078 1057 1110 et
1083 1071 1278 1111 fidelibus
1311 1071 1551 1111 hominibus

113 1145 117 1148 ”
161 1133 328 1182 nostris,
352 1134 509 1187 quibus
531 1135 823 1176 committetur
844 1137 1023 1189 pecunia
1043 1138 1267 1191 utriusque
1288 1146 1479 1178 nostrum
1499 1139 1550 1178 ad

158 1199 398 1240 faciendum
418 1201 638 1241 servitium
653 1201 1002 1252 Christianitatis,
1024 1210 1067 1243 et
1081 1204 1154 1257 qui
1176 1205 1333 1244 ducent
1349 1212 1391 1245 et
1404 1213 1551 1258 regant

159 1265 349 1306 homines
382 1273 562 1317 nostros,
603 1275 831 1322 antequam
866 1268 947 1309 iter
985 1269 1247 1324 arripiamus.
1310 1270 1412 1311 Post
1450 1286 1548 1311 vero

159 1340 399 1387 susceptam
419 1348 585 1374 crucem
606 1335 809 1376 faciemus
838 1335 933 1375 illos
957 1337 1116 1390 jurare,
1149 1352 1254 1390 quos
1285 1338 1478 1378 custodes
1510 1346 1553 1379 et

159 1400 464 1452 gubernatores
499 1402 806 1443 constituemus
847 1410 1050 1443 terrarum
1070 1411 1307 1444 nostrarum
1329 1405 1443 1458 quod
1472 1404 1552 1458 ipsi

159 1466 268 1506 bona
292 1466 375 1507 fide
397 1482 493 1508 cum
515 1469 629 1509 omni
648 1484 770 1524 posse
793 1484 868 1510 suo
890 1470 924 1510 si
954 1485 1122 1511 necesse
1152 1471 1283 1511 fuerit
1301 1486 1389 1512 sese
1414 1472 1465 1512 ad
1490 1472 1552 1511 in-

158 1533 290 1574 vicem
315 1535 530 1588 juvabunt
550 1536 603 1576 ad
629 1536 943 1577 defendendum
966 1544 1094 1578 terras
1114 1545 1276 1578 nostras
1298 1553 1394 1578 cum
1415 1539 1467 1578 ab
1489 1538 1553 1578 111-

159 1600 290 1640 vicem
311 1601 473 1642 fuerint
488 1602 698 1656 requisiti,
713 1603 774 1643 ita
791 1603 905 1657 quod
917 1603 979 1643 illi
1000 1619 1105 1658 quos
1125 1620 1203 1658 ego
1225 1605 1438 1645 Henricus
1453 1605 1552 1646 Rex

160 1667 332 1721 Angliae
365 1669 598 1722 praefecero
633 1670 685 1710 ad
715 1671 1039 1724 gubernandum
1062 1679 1191 1712 terras
1212 1687 1325 1712 meas
1359 1671 1416 1712 sic
1432 1673 1554 1725 juva-

158 1735 266 1775 bunt
293 1736 345 1776 ad
368 1736 678 1777 defendendum
710 1744 841 1778 terras
872 1737 1076 1778 Ludovici
1110 1738 1366 1779 Francorum
1397 1739 1553 1779 domini

156 1802 253 1849 11101,
296 1804 652 1855 quemadmodum
702 1812 831 1844 terras
870 1819 983 1844 meas
1024 1805 1299 1845 defenderent
1334 1806 1367 1845 si
1408 1806 1552 1846 civitas

154 1885 248 1910 mea
280 1870 539 1924 Rothomagi
561 1871 728 1911 obsessa
749 1878 871 1911 esset.
931 1871 992 1911 Et
1024 1872 1170 1912 eodem
1201 1872 1324 1912 modo
1347 1874 1460 1926 quod
1491 1873 1551 1913 illi

155 1952 261 1991 quos
294 1953 372 1991 ego
408 1937 649 1978 Ludovicus
679 1937 942 1992 praefecerim
984 1938 1036 1978 ad
1068 1939 1389 1992 gubernandum
1424 1948 1551 1980 terras

154 2018 267 2044 meas
323 2019 418 2045 cum
466 2005 579 2044 omni
617 2020 738 2059 posse
780 2020 855 2045 suo
896 2006 1110 2059 juvabunt
1148 2006 1200 2045 ad
1240 2006 1550 2047 defendendum

155 2077 285 2111 terras
309 2070 486 2111 Henrici
519 2071 652 2125 Regis
684 2071 872 2125 Angliae,
903 2072 1259 2125 quemadmodum
1289 2079 1418 2114 terras
1441 2089 1552 2114 meas

154 2137 445 2188 defenderent,
468 2139 503 2178 si
539 2139 683 2179 civitas
714 2154 805 2180 mea
840 2139 1026 2180 Parisius
1059 2140 1226 2180 obsessa
1258 2147 1379 2181 esset.
1441 2141 1551 2181 Volo

155 2204 283 2245 etiam
335 2206 450 2259 quod
490 2213 741 2246 mercatores
783 2213 826 2247 et
869 2222 1011 2246 omnes
1052 2206 1243 2246 homines
1284 2214 1367 2247 tam
1411 2207 1550 2248 elerici

155 2286 281 2324 quam
316 2272 413 2311 laici
448 2286 543 2311 cum
567 2273 761 2312 omnibus
783 2273 908 2313 rebus
942 2273 1028 2312 suis
1053 2273 1188 2313 securi
1227 2273 1312 2314 sint
1344 2281 1387 2314 et
1406 2290 1549 2328 pacem

152 2337 337 2378 habeant
388 2353 463 2391 per
525 2353 668 2378 omnes
714 2345 844 2378 terras
892 2355 1017 2379 meas.
1098 2339 1158 2379 Et
1207 2355 1285 2393 ego
1337 2340 1550 2382 Henricus

155 2404 255 2444 Rex
298 2404 469 2458 Angliae
511 2404 705 2444 similiter
738 2405 832 2444 volo
873 2406 987 2458 quod
1027 2413 1276 2446 mercatores
1324 2415 1367 2446 et
1407 2421 1549 2447 omnes

151 2471 343 2511 homines
376 2480 459 2512 tam
497 2472 636 2511 clerici
668 2487 793 2525 quam
827 2472 922 2511 laici
956 2480 1078 2512 terrae
1118 2473 1275 2513 domini
1298 2474 1392 2521 11101,
1418 2474 1548 2528 Regis

154 2538 424 2587 Francorum,
448 2554 542 2578 cum
575 2539 770 2578 omnibus
792 2539 918 2578 rebus
940 2538 1038 2587 suis,
1062 2539 1195 2579 securi
1218 2540 1302 2579 sint
1333 2550 1374 2580 ct
1402 2556 1545 2594 pacem

152 2606 335 2646 habeant
355 2620 431 2660 per
453 2621 595 2646 omnes
617 2613 746 2646 terras
767 2621 892 2646 mcaS.

211 2676 236 2693 ‘⁶
254 2673 363 2713 Haec
400 2673 538 2713 omnia
575 2673 814 2726 supradicta
836 2689 910 2713 1103
942 2673 1117 2713 firmiter
1138 2674 1430 2715 observaturos
1451 2691 1544 2729 pro-

154 2739 340 2779 misimus
362 2747 405 2780 et
434 2739 669 2793 juravimus
690 2740 733 2780 in
765 2741 991 2794 praesentia
1012 2741 1259 2781 venerabilis
1282 2741 1397 2781 Petri
1431 2743 1541 2782 tituli
