1908 3135
505 230 567 261 DE
602 230 955 262 INSTRUCTIONE
992 231 1275 264 PRINCIPUM.
1536 227 1586 265 65

184 339 308 367 suum
343 328 502 382 absque
524 328 659 370 tutela
681 336 724 370 et
744 329 948 384 regimine
971 330 1216 381 destituere,
1241 338 1460 387 terrasque
1495 349 1590 375 suas

184 395 476 435 transmarinas
495 396 753 437 Francorum
771 397 1004 451 rapacitati,
1023 398 1179 452 quibus
1197 413 1352 439 exosus
1369 400 1586 452 extiterat,

182 460 220 499 ei
253 461 295 501 in
328 462 651 515 praesentiarum
672 478 901 518 exponere,
925 471 1067 505 tutum
1099 481 1185 506 non
1217 473 1318 507 erat.
1383 467 1514 508 Porro
1537 469 1587 509 de

179 529 359 581 pecunia
390 536 475 570 tam
513 529 599 580 illa,
635 546 762 584 quam
798 531 898 571 olim
934 533 985 572 ad
1021 540 1161 587 partes
1201 533 1293 574 illas
1334 534 1413 575 sibi
1453 550 1586 575 reser-

178 595 353 636 vandam
390 597 709 648 transmiserat,¹
743 613 872 652 quam
908 605 952 639 et
986 599 1068 640 alia
1108 600 1251 641 statim
1288 601 1325 641 ei
1365 603 1584 654 tradenda,

178 662 230 702 ad
252 668 375 703 terrae
397 677 525 704 sacrae
549 664 791 714 tuitionem,
815 665 982 720 copiose
1004 666 1248 708 conferretf’

237 729 318 769 Cui
344 729 615 772 Patriarcha:
650 735 677 753 “
697 732 772 773 Nil
802 734 903 787 agis,
927 748 951 773 o
973 733 1088 784 Rex,
1110 735 1209 775 huic
1229 738 1244 760 ³
1271 742 1381 776 stare
1407 738 1582 780 consilio

176 795 210 835 si
232 796 492 850 perstiteris3
517 798 718 852 quoniam
739 800 783 839 in
804 800 918 841 hunc
939 801 1112 842 modum
1133 817 1210 842 nec
1232 809 1274 842 te
1297 803 1486 854 salvabis,
1506 821 1580 846 nec

179 863 337 904 Christi
367 865 671 919 patrimonium
704 868 981 909 conservabis.
1046 868 1289 923 Principem
1320 871 1431 911 enim
1462 887 1581 926 quae-

176 945 267 971 rere
292 932 498 981 venimus,
532 948 616 973 non
657 935 901 988 pecuniam:
936 935 1142 990 quaelibet
1176 936 1264 977 fere
1301 939 1450 978 mundi
1485 954 1579 993 pars

175 998 297 1038 nobis
318 999 541 1053 pecuniam
563 1000 721 1051 mittit;
755 1002 827 1042 sed
848 1002 1085 1057 principem
1107 1002 1236 1044 nulla.
1271 1004 1426 1045 Virum
1447 1006 1579 1059 igitur

174 1066 414 1118 appetimus
437 1067 512 1120 qui
535 1067 716 1121 pecunia
737 1068 938 1123 indigeat,
962 1085 1046 1110 non
1068 1071 1292 1124 pecuniam
1315 1087 1413 1126 quae
1431 1073 1579 1114 viros'*

176 1131 262 1172 Sed
284 1133 485 1186 quoniam
519 1134 687 1174 nullum
719 1135 835 1175 aliud
867 1151 891 1176 a
912 1136 1032 1189 Rege
1065 1151 1312 1190 responsum
1335 1139 1577 1181 Patriarcha

174 1202 354 1243 elicere⁵
383 1202 540 1257 potuit,
574 1202 624 1242 ad
655 1201 770 1241 aliud
801 1217 843 1242 se
870 1202 1054 1256 denique
1083 1204 1314 1251 convertit3
1348 1219 1499 1258 rogans
1530 1215 1580 1248 ut

173 1269 239 1310 vel
270 1285 403 1310 unum
434 1270 620 1310 filiorum
653 1283 840 1318 suorum,
873 1276 915 1310 et
943 1270 976 1309 si
1003 1284 1088 1309 non
1123 1270 1266 1319 alium,
1297 1271 1443 1312 saltem
1475 1281 1578 1314 natu

172 1337 378 1377 minorem
410 1337 619 1378 Joannem
657 1336 715 1377 eis
751 1336 795 1377 in
828 1336 1063 1377 subsidium
1096 1337 1331 1392 principem
1363 1338 1494 1388 daret,
1530 1347 1579 1381 ut

172 1404 337 1458 regium
366 1419 507 1445 semen
533 1404 583 1444 de
609 1403 979 1458 Andegavensium
1011 1403 1140 1458 stirpe
1163 1404 1420 1447 descendens
1446 1409 1579 1462 possit

172 1471 232 1512 eis
258 1472 326 1512 vel
355 1487 411 1512 ex
434 1472 514 1512 hoc
544 1471 727 1522 surculo,
756 1471 943 1513 redivivo
968 1472 1171 1526 germine,
1207 1474 1415 1516 suscitari.
1479 1476 1577 1530 Ipse

172 1553 269 1579 vero
289 1538 316 1578 J
320 1553 487 1588 oannes,
512 1553 755 1594 quanquam
787 1539 831 1579 in
856 1538 1136 1593 Hyberniam,
1161 1540 1199 1580 ei
1225 1556 1249 1581 a
1278 1550 1398 1596 patre
1421 1544 1576 1593 datam,

165 1607 256 1660 jam
281 1612 382 1647 tunc
405 1621 500 1647 cum
527 1607 674 1661 grandi
696 1606 970 1661 expeditione
996 1607 1230 1648 mittendus
1251 1609 1388 1660 foret3
1420 1611 1578 1666 patrias

171 1673 224 1713 ad
236 1673 365 1727 pedes
381 1689 423 1714 se
438 1674 700 1728 provolvens,
715 1682 758 1715 et
774 1682 823 1715 ut
839 1674 1139 1729 Ierosolymam
1156 1676 1300 1730 potius
1318 1677 1575 1727 mitteretur,

169 1739 452 1790 laudabiliter,
492 1748 542 1782 ut
582 1742 731 1790 fertur,
774 1740 1022 1795 efflagitanS,
1064 1756 1150 1781 non
1205 1742 1459 1797 impetravit.
1537 1744 1576 1784 O

170 1807 288 1848 durae
324 1808 495 1848 cervicis
538 1808 752 1848 hominem
788 1814 832 1848 et
871 1807 1226 1861 incorrigibilem!
1309 1809 1347 1849 O
1388 1817 1575 1850 mentem

170 1875 393 1915 obstinatae
430 1875 604 1916 malitiae
636 1883 679 1915 et
710 1874 982 1929 pertinaciter
1015 1874 1318 1917 inflexibilem!
1397 1876 1435 1916 O
1459 1878 1576 1917 dese-

169 1942 347 1982 rendum
363 1957 386 1982 a
400 1942 601 1992 Domino,
620 1957 748 1997 quem
765 1942 823 1982 sic
841 1941 997 1982 deseris
1012 1959 1021 1991 ;
1045 1948 1087 1982 et
1102 1942 1239 1995 gratia
1256 1943 1573 1984 destituendum

169 2025 296 2063 quem
332 2009 638 2063 ingratitudine
669 2009 908 2049 demereriS.
983 2009 1043 2048 Et
1073 2015 1122 2048 ut
1148 2009 1286 2049 verbis
1319 2010 1573 2052 authenticis

170 2085 226 2126 te,
242 2077 356 2126 Rex,
375 2076 640 2126 conveniam3
665 2075 875 2130 numquid
887 2075 1143 2130 percussisti,
1163 2075 1301 2126 miser,
1316 2076 1459 2117 foedus
1476 2093 1572 2118 cum

169 2151 318 2193 morte,
342 2151 386 2184 et
405 2159 502 2184 cum
524 2143 690 2184 inferno
711 2150 884 2198 pactum
905 2143 1043 2184 fecisti
1065 2144 1081 2183 ?
1145 2143 1212 2183 Ne
1235 2144 1385 2193 tardes,
1410 2160 1570 2199 quaeso,

169 2211 310 2252 venire
331 2211 384 2251 ad
406 2210 654 2261 Dominum,
673 2217 715 2251 et
738 2225 789 2250 ne
809 2209 976 2250 differas
998 2210 1049 2249 de
1073 2210 1140 2250 die
1162 2211 1205 2250 in
1229 2211 1352 2252 diem.
1417 2211 1570 2253 Subito

218 2345 225 2363 ¹
257 2342 473 2384 promiserat,
492 2341 568 2374 MS.
902 2341 1052 2374 tributed
1071 2341 1244 2386 forty—two
1263 2342 1431 2375 thousand
1457 2343 1569 2376 marks

216 2387 228 2405 ²
254 2388 293 2420 In
311 2388 368 2420 the
386 2399 465 2432 year
484 2389 574 2421 1182
591 2387 648 2420 thc
667 2387 760 2430 King
781 2398 833 2420 as-
902 2387 940 2420 of
955 2386 1144 2430 silver‚and
1158 2387 1223 2420 five
1238 2387 1391 2421 hundred
1410 2389 1522 2422 marks
1536 2390 1574 2421 of

169 2433 322 2467 seinbled
355 2446 375 2467 a
409 2433 541 2467 council
575 2439 608 2466 at
644 2433 833 2476 XVahham,
900 2432 992 2477 gold.
1022 2433 1437 2479 Txvysdcii,Script.613.
1488 2435 1567 2477 But,

169 2480 219 2512 for
261 2480 318 2513 the
363 2491 507 2525 purpose
541 2479 578 2511 of
617 2478 835 2523 distiibuting
901 2478 1082 2523 according
1108 2485 1141 2512 to
1172 2479 1229 2512 the
1253 2480 1378 2514 Chron.
1404 2480 1567 2523 Landun„

168 2537 292 2570 money
317 2526 351 2558 in
392 2526 489 2571 pious
517 2537 594 2558 uses
598 2525 712 2567 ‚with
747 2524 835 2558 their
902 2525 1001 2558 “tria
1015 2525 1122 2558 millia
1139 2537 1325 2560 marcarum
1341 2527 1568 2560 transmisisse

170 2584 394 2605 concuirence
408 2572 497 2605 and
488 2583 622 2623 appiox
614 2571 656 2605 al.
700 2571 835 2615 Among
901 2571 1078 2605 refertur.'’
1105 2572 1213 2616 Bouq.
1233 2572 1278 2606 ib.
1298 2574 1375 2607 705.

170 2618 292 2660 others,
312 2619 369 2651 the
392 2618 589 2651 necessitics
608 2618 645 2650 of
666 2617 723 2650 the
742 2617 835 2661 Holy
950 2620 963 2638 ³
991 2617 1079 2650 Huic
1099 2617 1184 2661 Rex,
1204 2618 1280 2651 MS.

171 2664 250 2709 City
262 2664 391 2697 formed
403 2676 465 2697 one
478 2664 515 2696 of
530 2663 585 2696 the
599 2663 692 2696 chief
706 2663 834 2714 objects
950 2663 961 2681 ⁴
989 2663 1061 2696 The
1077 2664 1184 2697 words
1203 2664 1240 2697 of
1256 2665 1514 2707 Themistocles,
1533 2678 1568 2697 ns

169 2711 206 2743 of
221 2710 288 2743 this
302 2710 460 2754 mcetino.
512 2710 565 2742 On
580 2709 647 2742 this
665 2709 833 2750 occasion,
904 2709 1027 2754 quoted
1046 2709 1090 2754 by
1111 2710 1243 2743 Cicero.

167 2756 346 2801 αοεοιᾘάἰηρ,
364 2763 398 2789 to
417 2739 548 2795 Diceto,
568 2755 623 2788 the
652 2755 743 2799 King
767 2755 834 2787 dis·
950 2756 962 2774 ⁵
991 2755 1136 2797 Discere,
1156 2756 1231 2790 MS.
