1908 3135
396 286 408 323 l
424 285 475 324 60
789 297 1027 329 GIRALDUS
1063 299 1365 331 CAMBRENSIS

389 393 500 434 hunc
531 410 696 435 versum
734 397 956 438 metricum
995 398 1172 439 demissa
1202 414 1301 439 voce
1337 399 1579 453 prolatum:
1614 403 1641 422 ‘⁶
1663 400 1782 441 Mors

388 462 501 515 capit
522 478 605 502 una
626 463 744 513 duos,
769 465 882 518 capit
902 465 975 505 sed
993 466 1102 505 mala
1122 466 1325 519 patrem.”

444 530 612 571 Fictum
653 538 793 573 tamen
842 533 979 587 primo
1019 534 1159 574 fuerat
1197 534 1276 574 1100
1316 534 1366 574 de
1408 535 1525 588 Hely
1565 536 1780 576 sacerdote

387 605 429 638 et
463 598 560 638 filiis
599 599 685 639 suis
718 606 761 640 et
795 607 890 654 post
924 601 1155 641 revelatum
1194 601 1369 655 martyri
1405 608 1549 642 nostro
1577 602 1627 642 de
1659 602 1778 655 Rege

387 665 575 706 Henrico
615 673 659 706 et
698 667 795 706 filiis
836 668 926 721 ejus
976 668 1132 708 eisdem
1170 668 1322 709 verbis.
1403 669 1545 709 Ambo
1594 684 1776 723 namque

382 732 545 782 fratres,
580 733 792 774 Hem-icus
822 749 876 775 50.
900 742 943 775 01
965 734 1223 784 Gaufredus,
1256 735 1365 775 510111
1385 742 1428 776 01
1457 750 1603 776 00111111
1632 742 1778 790 postea

382 806 516 852 pater,
538 801 655 841 febre
677 808 800 842 acuta
821 801 1000 841 extincti
1021 809 1132 842 sunt.

440 867 550 907 Item
583 882 677 907 cum
709 868 937 907 monachus
973 868 1144 921 quidam
1186 869 1230 908 in
1267 874 1403 909 stratu
1443 884 1519 909 suo
1556 870 1774 919 recubans,

381 933 431 973 de
448 934 545 973 filiis
561 933 691 987 Regis
707 934 886 974 Henrici
907 934 1115 975 militibus
1136 935 1296 976 scilicet
1317 943 1402 975 tam
1423 924 1601 989 egregiis
1623 937 1772 987 tribus,

380 1008 423 1041 01
446 1008 596 1054 quarto
625 1001 818 1041 similiter
839 1008 945 1042 natu
965 1002 1141 1050 minore,
1163 1002 1278 1056 quod
1299 1017 1383 1042 non
1406 1009 1494 1042 erat
1515 1003 1709 1057 princeps
1729 1004 1773 1044 in

378 1068 499 1108 terris
530 1068 603 1122 qui
628 1068 703 1108 tali
734 1069 931 1122 genitura
954 1069 1157 1122 gauderet
1176 1077 1219 1109 et
1240 1084 1367 1123 quem
1392 1069 1558 1110 exitum
1585 1070 1772 1111 habituri

376 1135 530 1184 forent,
561 1135 792 1189 plurimum
823 1136 1040 1189 cogitaret,
1070 1136 1126 1176 510
1162 1137 1333 1176 demum
1365 1137 1636 1187 obdormiret,
1657 1138 1772 1179 vide-

375 1202 500 1242 batur
530 1202 568 1242 ei
601 1202 715 1256 quod
749 1203 793 1242 in
826 1203 917 1257 ripa
949 1203 1135 1243 fluminis
1166 1204 1383 1258 cujusdam
1404 1204 1566 1244 videret
1588 1212 1771 1258 quatuor

374 1284 468 1309 aves
495 1270 702 1319 sedentes,
732 1277 904 1310 anatum
931 1271 1090 1311 scilicet
1119 1271 1307 1320 masculi,
1328 1271 1403 1325 qui
1423 1271 1550 1324 vulgo
1580 1272 1770 1313 mallardi

374 1336 456 1376 dici
490 1337 639 1386 solent,
663 1343 706 1376 et
735 1352 829 1376 cum
863 1344 1002 1377 essent
1032 1352 1126 1377 aves
1151 1338 1236 1377 illae
1270 1353 1348 1391 pro
1380 1353 1455 1377 sua
1485 1345 1634 1378 natura
1674 1340 1768 1393 pul-

374 1403 606 1452 cherrimae,
631 1403 742 1443 dixit
762 1404 799 1443 ei
820 1419 905 1444 vox
926 1404 1121 1458 quaedam
1140 1421 1148 1445 ι
1174 1408 1200 1425 “
1215 1404 1402 1446 Videsne
1424 1404 1613 1445 volucres
1633 1405 1734 1447 istas
1751 1408 1768 1448 ἓ

372 1470 450 1509 filii
480 1478 578 1510 sunt
599 1470 731 1524 Regis
763 1470 955 1520 Henrici,
978 1472 1029 1511 de
1068 1472 1224 1526 quibus
1246 1471 1486 1525 cogitastis;
1520 1478 1563 1512 et
1583 1473 1644 1512 vis
1666 1488 1764 1526 ergo

372 1538 537 1578 exitum
563 1538 732 1577 illorum
759 1538 931 1578 videre?
967 1538 1142 1593 Suspice
1172 1539 1438 1593 parumper.’'
1506 1539 1636 1582 Quod
1669 1555 1765 1581 cum

369 1605 540 1654 faceret,
561 1605 667 1645 vidit
695 1620 812 1646 avem
834 1621 930 1659 quae
958 1606 1066 1646 falco
1089 1606 1243 1646 dicitur
1274 1607 1453 1660 desuper
1481 1606 1526 1646 in
1547 1622 1640 1647 aere
1670 1623 1765 1661 per-

367 1672 534 1712 nicibus
555 1672 629 1712 alis
650 1673 872 1722 volantem,
897 1680 939 1713 et
960 1674 1101 1713 statim
1123 1689 1217 1714 aves
1238 1673 1323 1713 illae
1348 1681 1544 1727 quatuor,
1565 1689 1649 1714 una
1669 1681 1765 1728 post

368 1740 540 1780 alteram
578 1755 621 1780 se
659 1741 800 1780 subito
836 1740 879 1780 in
911 1755 1063 1794 aquam
1103 1741 1288 1781 fluminis
1329 1741 1449 1794 quasi
1484 1756 1572 1795 prae
1613 1741 1763 1782 timore

367 1808 452 1847 avis
490 1807 606 1847 illius
645 1807 974 1860 submergentes,
1015 1816 1162 1861 postea
1214 1822 1299 1847 11011
1339 1815 1679 1862 comparuerunt,
1721 1816 1764 1849 et

367 1875 566 1915 continuo
586 1889 670 1914 vox
698 1874 946 1928 subjunxit:
983 1875 1099 1916 “Vis
1129 1875 1232 1915 scire
1267 1890 1364 1928 quae
1394 1875 1448 1915 sit
1471 1875 1556 1915 avis
1589 1875 1660 1915 illa
1692 1891 1763 1916 su-

366 1941 598 1994 pervolans,
635 1941 748 1981 filius
801 1941 951 1994 utique
993 1949 1056 1981 est
1096 1941 1226 1994 Regis
1264 1941 1453 1982 Franciae
1496 1942 1761 1996 Philippus.”

366 2008 432 2047 De
462 2009 597 2048 tribus
622 2016 763 2048 autem
786 2009 932 2062 primis
963 2016 1005 2048 et
1035 2009 1260 2062 primaevis,
1281 2010 1370 2062 jam
1399 2009 1552 2049 nostris
1579 2010 1760 2051 vidimus

365 2075 527 2124 diebus,
560 2076 675 2129 quod
705 2076 937 2128 repentinis
978 2083 1021 2115 et
1058 2076 1364 2129 intempestivis
1404 2076 1568 2117 casibus
1616 2092 1760 2118 revera

364 2143 489 2182 rebus
520 2142 712 2181 humanis
747 2142 935 2194 exempti
957 2149 999 2181 et
1020 2142 1139 2195 quasi
1172 2142 1373 2182 fluctibus
1404 2142 1531 2182 seculi
1553 2143 1759 2184 submersi

364 2216 476 2258 sunt,
499 2209 696 2263 Philippo
719 2209 974 2248 Francorum
1001 2209 1085 2248 sive
1108 2223 1231 2248 causa
1266 2208 1412 2248 mortis
1446 2224 1591 2249 eorum
1626 2210 1758 2251 fuerit

363 2276 447 2316 sive
478 2291 576 2324 non,
598 2275 733 2328 adhuc
765 2275 989 2329 superstite
1022 2282 1064 2315 01
1094 2282 1302 2329 potestate
1333 2284 1548 2328 regnante.
1617 2276 1759 2318 Quar-

363 2350 453 2383 tum
494 2350 634 2383 autem
674 2342 858 2382 filiorum
898 2342 1031 2395 Regis
1073 2342 1248 2382 Henrici
1294 2342 1429 2382 adhuc
1470 2343 1754 2397 superstitem,

362 2411 413 2450 ad
442 2410 714 2464 tranquillam
737 2408 885 2464 populi
919 2424 1065 2462 pacem
1095 2416 1138 2449 et
1166 2409 1486 2450 ecclesiasticam
1517 2409 1755 2451 libertatem

360 2485 576 2518 conservet
608 2478 728 2517 Deus
756 2477 798 2516 in
834 2484 1025 2530 tempora
1055 2476 1192 2530 longa.
1254 2476 1394 2517 ¹Vide
1423 2476 1553 2516 lector
1575 2477 1756 2530 qualiter

353 2547 482 2599 juxta
518 2553 685 2598 tempus
718 2559 803 2597 quo
841 2543 997 2597 scripta
1034 2551 1132 2583 sunt
1170 2544 1261 2584 haec
1292 2543 1458 2584 locutus
1491 2550 1553 2583 est
1582 2551 1751 2594 auctor;

359 2620 548 2666 tempore
568 2626 665 2651 vero
692 2611 922 2664 publicatae
955 2611 1224 2663 postmodum
1256 2611 1465 2660 editionis,
1487 2626 1601 2650 more
1624 2611 1750 2652 trium

358 2678 705 2733 praecedentium,
763 2684 937 2730 quartus
1000 2676 1043 2729 [J
1047 2676 1219 2731 oannes]
1283 2677 1402 2732 Rege
1461 2677 1661 2732 Philippo
1710 2678 1753 2717 in

1092 2781 1254 2824 addition,
1279 2781 1407 2825 though
1430 2793 1472 2813 no
1496 2780 1621 2825 variety
1642 2780 1670 2813 is
1693 2780 1750 2814 ob-

405 2785 413 2804 ¹
442 2784 515 2816 The
537 2795 676 2828 passage
694 2782 804 2815 which
830 2782 970 2823 follows,
990 2788 1024 2814 to

1092 2827 1242 2861 servable
1260 2828 1295 2860 in
1313 2827 1369 2860 the
1386 2827 1519 2871 writing
1537 2827 1574 2860 of
1586 2827 1643 2860 the
1661 2826 1737 2860 MS.

355 2842 550 2872 evanescere,
577 2830 605 2862 is
636 2828 871 2872 undoubtedly
905 2840 924 2860 a
957 2827 1024 2861 late
