1908 3135
698 663 1059 705 PRAEFATIO.¹

365 956 409 999 Ὦ
427 933 465 973 Ε
507 934 717 989 Principis
757 935 1036 977 instructione
1070 944 1295 979 tractatum
1340 939 1463 980 edere
1502 954 1568 980 me

484 1001 693 1055 compulit
729 1002 772 1042 id
812 1003 1042 1058 praecipue,
1079 1005 1193 1058 quod
1242 1006 1285 1046 in
1331 1006 1570 1060 principum

483 1069 674 1109 moribus
713 1075 757 1108 et
795 1070 1084 1123 praelatorum,
1122 1073 1197 1126 qui
1234 1072 1337 1113 alios
1375 1080 1457 1113 tam
1494 1089 1568 1113 ex-

482 1136 622 1190 emplo
665 1151 792 1189 quam
835 1143 1044 1191 potestate
1090 1153 1235 1191 regere
1276 1147 1476 1181 tenentur
1526 1148 1567 1181 et

174 1206 415 1255 informare,
457 1204 573 1258 quod
613 1203 740 1257 digne
780 1204 1032 1258 reprehendi
1071 1205 1217 1259 possit,
1254 1207 1350 1260 plus
1389 1208 1569 1248 invenio.

174 1273 286 1316 Quis
318 1273 431 1313 enim
462 1270 588 1311 hodie
618 1270 813 1325 princeps
835 1271 910 1324 qui
931 1286 1017 1311 non
1037 1272 1246 1313 indultam
1268 1273 1318 1312 de
1349 1289 1476 1328 super
1496 1290 1570 1329 po-

174 1346 371 1381 testatem
391 1339 445 1379 ad
473 1352 616 1378 omnes
644 1337 773 1377 animi
799 1344 953 1388 motus,
979 1338 1032 1378 ad
1058 1353 1225 1379 omnem
1245 1340 1380 1380 carnis
1400 1341 1570 1381 libitum

173 1422 220 1448 ac
257 1407 426 1456 luxum,
469 1405 521 1445 ad
562 1419 729 1445 omnem
758 1420 899 1459 pravae
941 1406 1176 1459 tyrannidis
1210 1407 1474 1448 atrocitatem
1507 1409 1570 1448 in-

173 1473 418 1514 differenter
449 1471 678 1521 extendat3
713 1479 756 1512 et
786 1479 1003 1527 tamquam
1040 1473 1243 1527 quiequid
1282 1473 1386 1515 libet
1431 1475 1569 1524 liceat,

173 1541 291 1582 velut
322 1540 458 1594 aequis
497 1538 759 1579 ambulantia
797 1539 989 1593 passibus
1028 1554 1150 1593 posse
1189 1541 1347 1594 pariter
1387 1549 1429 1582 et
1464 1542 1570 1582 velle

172 1623 256 1648 non
295 1606 530 1648 metiatur?
589 1605 700 1648 Quis
739 1606 864 1647 hodie
895 1607 1089 1661 princeps
1124 1608 1199 1661 qui
1230 1609 1394 1663 regium
1424 1610 1572 1650 inunc-

174 1674 302 1715 tionis
326 1679 647 1722 sacramentum,
672 1674 746 1727 qui
777 1688 971 1714 coronam
1003 1682 1046 1715 et
1076 1683 1288 1729 sceptrum
1319 1683 1361 1717 et
1391 1677 1571 1730 insignia

173 1742 352 1796 singula,
377 1741 480 1795 quid
501 1740 581 1780 sibi
603 1740 734 1780 velint
754 1742 975 1781 attendat?

231 1809 415 1849 Proinde
446 1815 490 1848 et
520 1807 565 1847 in
595 1814 787 1848 veterum
818 1808 984 1862 scriptis
1014 1809 1225 1863 principes
1256 1810 1445 1852 illiterati
1479 1819 1569 1852 tan-

172 1892 299 1931 quam
320 1876 426 1917 asini
447 1882 672 1915 censentur
691 1876 893 1916 coronati.
956 1876 1066 1918 Quis
1087 1876 1200 1916 enim
1217 1876 1342 1916 hodie
1358 1878 1566 1933 princepS,

172 1944 247 1998 qui
267 1943 525 1998 principium
547 1942 672 1991 exile,
695 1942 883 1983 medium
905 1943 1053 1996 fragile
1075 1958 1121 1983 ae
1143 1945 1431 1998 corruptibile,
1449 1947 1569 1986 cada-

170 2026 241 2052 ver
271 2019 370 2066 post
395 2011 561 2051 exitum
587 2009 668 2050 vile
700 2010 890 2063 cogitet?
948 2009 1085 2050 Juxta
1103 2010 1211 2050 illud
1231 2011 1566 2066 philosophicum

170 2092 419 2133 responsum
442 2084 636 2131 tyranno,
660 2077 734 2131 qui
765 2077 884 2131 quasi
906 2078 957 2118 de
989 2078 1095 2118 duce
1116 2092 1252 2132 nuper
1272 2078 1470 2119 inunctus
1499 2079 1567 2119 fu-

169 2152 260 2186 erat
279 2145 324 2185 in
344 2159 500 2199 regem,
524 2143 574 2183 de
596 2158 694 2198 rege
716 2144 860 2184 statim
881 2144 1172 2184 sublimandus
1193 2144 1236 2184 in
1257 2145 1565 2199 imperatorem,

163 2210 422 2265 jactabunde
454 2211 694 2264 quaerenti:
729 2214 756 2232 “
775 2211 896 2253 Quid
926 2211 1004 2260 sui,
1029 2211 1133 2264 quid
1164 2226 1270 2260 sum,
1294 2212 1398 2265 quid
1428 2227 1499 2252 ero
1519 2211 1566 2252 ?’'

175 2277 265 2317 Vile
295 2292 472 2331 sperma,
495 2292 568 2318 vas
583 2283 836 2327 stercorum,
869 2292 964 2318 esca
995 2279 1202 2318 vermium.
1264 2277 1434 2318 Dicitur
1454 2279 1567 2318 enim

168 2343 418 2384 Alexandro
441 2344 667 2385 Macedoni
691 2345 899 2399 gradatim
924 2345 976 2384 ad
1005 2345 1230 2398 dignitates
1255 2345 1494 2385 ascendenti
1523 2353 1565 2385 et

215 2470 224 2489 ¹
253 2469 336 2503 This
357 2470 386 2503 is
402 2469 460 2503 the
484 2470 617 2515 preface
636 2476 670 2503 to
688 2470 744 2503 the
763 2470 834 2503 first
904 2475 1046 2511 extract,
1064 2469 1164 2502 taken
1188 2469 1271 2501 from
1298 2467 1354 2500 the
1376 2468 1509 2512 prcface
1532 2474 1566 2500 to

167 2515 281 2557 book3
318 2515 385 2549 and
417 2528 461 2549 no
489 2516 584 2549 other
613 2516 641 2549 is
670 2516 774 2549 found
801 2516 835 2549 in
903 2515 970 2548 this
988 2514 1087 2548 book.
1137 2514 1221 2547 This
1247 2525 1385 2558 passage
1404 2513 1482 2547 does
1509 2520 1565 2547 not

167 2561 225 2594 the
258 2561 334 2595 MS.
367 2561 405 2595 of
433 2561 490 2595 the
525 2561 648 2595 Cotton
684 2561 835 2606 Library.
903 2573 978 2594 now
995 2572 1116 2606 appear
1134 2561 1168 2593 in
1186 2572 1251 2604 any
1269 2571 1331 2593 one
1349 2561 1387 2592 of
1399 2559 1456 2593 the
1474 2560 1566 2593 three

168 2607 279 2641 David
299 2607 438 2650 Powell‚
456 2607 618 2650 however,
638 2608 671 2641 in
694 2607 747 2641 his
765 2608 835 2641 edi·
902 2608 1052 2652 prefaces
1070 2618 1106 2640 as
1118 2607 1217 2651 given
1231 2607 1264 2639 in
1282 2605 1339 2638 the
1353 2605 1475 2639 Cotton
1490 2605 1564 2639 MS.

167 2653 239 2686 tion
265 2653 304 2686 of
324 2653 382 2687 the
408 2653 622 2687 Itinerarium
654 2653 834 2695 Cambriae,
951 2653 983 2686 It
997 2652 1064 2686 will
1082 2653 1124 2685 be
1137 2652 1240 2685 found
1256 2652 1288 2684 in
1304 2651 1360 2684 the
1373 2651 1565 2696 Appendix,

167 2699 347 2743 published
361 2700 395 2732 in
407 2699 590 2733 Camden's
602 2699 789 2733 Collection
802 2700 840 2732 of
902 2698 982 2732 with
1016 2698 1099 2732 such
1133 2697 1228 2731 other
1258 2698 1407 2742 portions
1440 2697 1478 2730 of
1511 2697 1567 2729 the

168 2745 373 2789 Historians,
400 2745 574 2790 (Angliea,
604 2745 836 2779 Normannica
903 2745 975 2778 first
1000 2744 1088 2778 book
1115 2755 1152 2777 as
1175 2755 1230 2776 are
1254 2743 1291 2776 of
1311 2755 1377 2787 any
1394 2742 1563 2775 historical

166 2790 309 2836 Scripta,
324 2792 389 2825 διο.
406 2803 438 2836 p.
459 2792 554 2835 817‚)
572 2797 691 2836 quotes
708 2803 728 2824 a
744 2791 835 2835 large
903 2791 1053 2824 interest.
1087 2790 1150 2823 See
1167 2789 1236 2823 also
1251 2789 1307 2822 the
1323 2788 1566 2823 Introduction,

1362 2853 1426 2884 1³2
