1908 3135
523 213 586 245 DE
620 211 973 245 INSTRUCTIONE
1009 213 1292 245 PRINCIPUM.
1552 210 1604 251 39

203 309 430 363 primaevus
460 326 515 353 sc.
548 311 777 362 Henricus,
809 320 853 353 et
883 312 955 352 alii
984 313 1082 361 duo,
1107 311 1366 353 Pictavensis
1397 321 1440 354 et
1468 315 1603 367 Brito,

199 384 344 417 contra
363 377 517 431 ipsum,
537 379 579 419 in
596 380 933 434 Quadragesima
953 386 1158 433 sequente
1174 379 1227 419 ad
1242 379 1405 432 Regem
1425 381 1605 424 Franco-

195 458 290 483 rum
328 444 594 486 Ludovicum
632 446 926 487 discesserunt.
988 446 1114 487 Unde
1156 454 1274 487 tanta
1304 454 1419 488 mota
1460 456 1524 489 est
1563 451 1602 490 ei

195 509 463 564 inquietatio,
501 520 703 567 quantam
734 520 859 554 antea
901 528 1123 567 nunquam
1164 513 1387 564 habuerat,
1425 523 1468 556 et
1501 531 1598 569 quae

191 590 355 632 semper
401 579 440 619 ei
487 595 620 634 usque
660 581 715 621 ad
749 587 991 621 extremum
1042 580 1217 636 spiritus
1266 581 1463 632 halitum,
1506 583 1598 638 [per

191 643 375 697 aliquem
391 645 423 699 l]
446 646 633 687 filiorum
654 647 742 688 fere
763 648 1019 689 incessanter
1039 648 1296 702 perduravit.

245 711 479 766 Exquisita
508 729 692 769 namque
714 715 798 756 Dei
819 715 1005 756 vindicta
1033 715 1202 769 qualem
1235 731 1277 756 se
1315 715 1452 756 filium
1483 719 1593 771 patri

188 779 399 834 spirituali
440 783 709 834 exhibuerat,
742 784 847 824 tales
882 799 980 838 erga
1016 799 1059 824 se
1097 798 1202 838 quos
1240 791 1447 837 genuerat
1482 786 1592 826 filios

187 847 371 889 carnales
393 848 588 892 invenit.2

244 913 348 956 Post
381 916 488 957 hanc
523 918 823 959 revelationem
857 926 900 959 et
936 918 1177 959 biennalem
1211 934 1308 973 quae
1347 926 1491 960 secuta
1526 928 1588 960 est

184 983 520 1035 persecutionem
548 985 668 1039 quasi
699 986 896 1036 triennio,
919 986 981 1027 vir
1005 986 1178 1040 quidam
1211 985 1408 1040 simplex,
1431 993 1585 1036 rectus,

184 1056 227 1089 et
249 1050 392 1104 justus
412 1052 455 1092 in
479 1051 704 1106 Hybernia
724 1068 911 1102 manens,
934 1053 1009 1107 qui
1031 1062 1172 1094 tamen
1202 1067 1288 1093 non
1311 1053 1585 1106 Hybernicus

182 1117 254 1156 sed
276 1117 484 1171 Anglicus
505 1126 607 1168 erat,
629 1120 673 1160 in
705 1121 860 1160 somnis
888 1120 996 1160 hanc
1017 1135 1161 1161 vocem
1193 1119 1379 1160 audivit:
1413 1123 1441 1141 “
1460 1120 1582 1161 Vade

179 1183 232 1223 ad
263 1183 504 1238 Anglorum
536 1186 701 1240 Regem
733 1193 776 1226 et
805 1187 872 1227 dic
903 1187 956 1236 ei,
989 1192 1203 1240 quatenus
1239 1187 1311 1240 jus
1342 1201 1465 1226 suum
1495 1188 1584 1227 cui-

180 1265 264 1304 que
294 1252 454 1301 reddat,
479 1253 695 1307 vitamque
727 1268 847 1294 suam
876 1253 921 1293 in
951 1253 1103 1294 melius
1134 1253 1358 1302 emendet3
1391 1253 1583 1306 alioquin

178 1318 222 1358 in
267 1319 385 1360 brevi
430 1320 536 1360 iram
571 1321 656 1361 Dei
695 1321 884 1362 incurret
919 1319 1312 1361 exter1ninante1n.”
1387 1319 1582 1374 Cumque

177 1401 321 1427 vocem
352 1388 541 1428 eamdem
574 1388 762 1429 audisset
790 1395 914 1429 nocte
946 1395 1166 1442 sequente,
1189 1394 1232 1428 ct
1254 1386 1378 1428 tertia
1409 1402 1581 1441 quoque

177 1468 273 1493 cum
314 1455 655 1506 comminatione,
694 1455 929 1510 interjectis
970 1456 1098 1496 etiam
1140 1455 1252 1495 inter
1298 1454 1427 1508 signis
1466 1454 1580 1509 Regi

176 1521 376 1571 dicendis,
408 1523 461 1562 ad
492 1538 535 1563 se
572 1523 851 1564 secretissima
883 1523 992 1563 nulli
1026 1522 1247 1563 hominum
1278 1522 1359 1562 nisi
1390 1522 1471 1576 ipsi
1504 1522 1580 1562 soli

176 1589 344 1642 cognita
364 1590 429 1630 vel
453 1598 706 1646 comparata,
729 1591 871 1632 statim
906 1591 988 1631 iter
1018 1589 1224 1644 arripiens
1257 1596 1581 1644 transcursoque

176 1655 337 1710 duplici
349 1658 474 1698 maris
488 1659 675 1708 brachio,
693 1666 778 1699 tam
794 1657 951 1698 Gallici
964 1657 1163 1698 videlicet
1179 1671 1306 1709 quam
1325 1656 1578 1710 Hybernici,

175 1723 227 1762 ad
248 1723 413 1778 Regem
434 1725 475 1764 in
497 1724 771 1779 Aquitanicae
794 1724 950 1765 Galliae
971 1723 1143 1772 finibus,
1166 1723 1209 1762 in
1225 1724 1354 1764 verba
1374 1724 1580 1778 praedicta

172 1791 377 1844 pervenit.
440 1791 526 1832 Sed
553 1792 673 1846 Rege
706 1807 782 1847 per
811 1792 890 1832 hoc
919 1806 1003 1831 non
1036 1797 1223 1831 correcto
1254 1806 1330 1831 nec
1352 1798 1576 1840 commoto,

172 1858 351 1898 nuncius
390 1859 443 1899 ad
482 1859 654 1914 propria
694 1859 904 1913 completa
950 1857 1162 1911 legatione
1199 1858 1416 1898 remeavit.
1498 1858 1577 1900 Vir

170 1932 313 1966 autem
341 1942 437 1967 cum
464 1928 545 1968 iter
577 1927 876 1981 aggrediendo,
907 1932 1146 1966 transcurso
1174 1925 1279 1965 mari
1310 1925 1574 1979 Hybernico,

168 2008 244 2047 per
272 1994 458 2035 Galliam
490 1995 701 2044 transiret,
732 1994 998 2048 Episcopum
1034 1992 1179 2033 Sancti
1213 1992 1368 2041 David,
1397 1992 1574 2032 Petrum

168 2061 353 2112 nomine,
386 2069 429 2103 et
463 2062 585 2102 illum
623 2062 694 2116 qui
736 2061 904 2115 scripsit
942 2061 1036 2100 haec
1072 2059 1433 2100 Archidiaconum
1467 2060 1572 2113 ejus,

168 2128 213 2169 in
245 2130 428 2183 quodam
474 2129 728 2170 monasterio
766 2127 1058 2170 Cisterciensis
1093 2127 1267 2176 ordinis,
1305 2127 1374 2167 cui
1419 2141 1572 2167 nomen

169 2195 282 2237 Alba
303 2197 464 2247 Landa,
481 2197 656 2238 invenit.
719 2196 810 2238 Qui
828 2196 970 2236 statim
987 2194 1202 2248 Episcopo
1220 2209 1387 2234 causam
1407 2194 1571 2235 itineris

166 2264 231 2304 sui
252 2273 412 2305 secreto
433 2264 646 2313 revelavit,
670 2271 715 2304 et
735 2263 974 2318 Episcopus
996 2261 1342 2302 Archidiaeono.³

215 2361 492 2405 ¹Peraliqua1n.
541 2361 713 2396 OnLMS.
898 2361 961 2393 See
1003 2360 1040 2393 of
1077 2360 1126 2393 St.
1162 2359 1312 2400 David's‚
1346 2361 1445 2394 1176.
1503 2362 1566 2393 See

214 2407 226 2425 ²
252 2407 303 2440 Cf.
323 2407 512 2442 Scalacron.
527 2410 636 2452 1³:43.
899 2406 1029 2439 Girald.
1049 2406 1090 2439 dc
1108 2406 1207 2438 rebus
1233 2418 1252 2438 a
1273 2418 1308 2438 se
1335 2406 1450 2449 gestis,
1469 2406 1489 2438 i.
1512 2409 1565 2438 11.

213 2457 225 2475 ³
251 2453 304 2487 Cf.
319 2453 551 2499 Scalacron.p.
568 2457 623 2487 431
674 2453 772 2486 Peter
789 2453 830 2485 dc
900 2453 955 2486 Hc
973 2463 1040 2485 was
1058 2452 1115 2485 the
1142 2452 1264 2495 King's
1282 2459 1432 2485 creature
1461 2453 1492 2484 in
1520 2452 1562 2484 all

167 2499 259 2542 Leia,
280 2500 374 2533 Prior
391 2500 429 2533 of
450 2500 630 2541 &Venlock
649 2500 831 2545 appointed
898 2504 1058 2544 rcspects,
1093 2495 1273 2543 according
1305 2504 1339 2531 to
1373 2498 1429 2531 the
1471 2510 1563 2531 same

166 2546 200 2579 in
231 2546 420 2591 opposition
452 2553 485 2580 to
515 2547 686 2589 Giraldus,
713 2552 746 2579 to
774 2546 830 2579 the
898 2546 1092 2589 testimony.
