1908 3135
222 221 369 278 APP”.]
530 233 593 264 DE
633 229 984 263 INSTRUCTIONE
1019 227 1299 260 PRINCIPUM.
1531 218 1610 257 193

220 328 333 368 cruci
358 328 587 382 impressae,
609 327 788 368 interius
812 327 864 367 ad
896 327 1079 381 lapidem
1111 341 1242 367 versae
1278 325 1466 375 fuerunt,
1490 333 1537 366 ut
1569 334 1612 366 et

220 401 321 436 tunc
350 395 550 450 temporis
572 394 687 448 quod
720 394 965 435 continebat
985 394 1260 442 occultarent,
1284 400 1326 434 et
1358 393 1611 446 quandoque

220 468 361 502 tamen
381 477 458 517 pro
479 462 581 502 locis
604 470 647 502 et
669 462 930 515 temporibus
952 461 995 501 id
1016 461 1298 515 propalarent.

279 529 392 571 Quae
428 543 541 569 nunc
576 536 719 568 autem
755 528 977 568 Glastonia
1013 527 1181 576 dicitur,
1214 527 1451 581 antiquitus
1480 527 1616 567 insula

223 596 446 637 Avallonia
480 596 712 636 dicebatur.
774 594 854 634 Est
887 595 997 635 enim
1039 595 1158 648 quasi
1192 594 1329 634 insula
1369 601 1458 634 tota
1498 595 1616 648 palu-

220 665 344 705 dibus
381 664 533 713 obsita,
577 663 690 703 unde
731 662 842 703 dieta
894 670 956 702 est
997 662 1255 712 Britannice,
1306 662 1615 711 Inis-Avalon‚¹

218 731 264 772 id
291 739 367 781 est,
398 731 535 771 insula
567 730 788 783 pomifera.
851 729 996 769 Pomis
1029 729 1154 778 enim,
1191 744 1288 783 quae
1322 729 1421 770 aral
1449 729 1617 770 Britan-

220 799 314 840 nica
366 799 514 853 lingua
563 797 775 847 dicuntur,
814 796 931 836 locus
981 796 1053 836 ille
1101 797 1313 849 quondam
1362 797 1615 837 abundabat.

222 866 347 907 Unde
379 873 422 906 et
446 864 680 918 Morganis,
703 863 858 904 nobilis
878 870 1069 904 matrona
1091 870 1133 903 et
1153 863 1336 918 partium
1356 863 1522 903 illarum
1544 864 1617 904 do-

220 933 424 974 minatrix
446 940 575 986 atque
596 939 788 986 patrona,
811 945 974 971 necnon
1003 938 1045 971 et
1066 930 1259 970 Arthuro
1281 931 1392 984 Regi
1413 930 1615 984 sanguine

220 1001 476 1056 propinqua,
499 1007 594 1054 post
614 998 775 1038 bellum
797 998 847 1038 de
870 997 1093 1047 Kemelen,
1117 997 1372 1047 Arthurum‚
1396 998 1447 1037 ad
1469 1013 1616 1038 sanan-

222 1069 323 1109 dum
367 1067 556 1122 ejusdem
588 1066 776 1114 vulnera,
812 1065 856 1104 in
888 1064 1068 1105 insulam
1113 1079 1210 1118 quae
1252 1079 1362 1105 nunc
1397 1064 1617 1105 Glastonia

221 1136 377 1176 dicitur
413 1134 666 1189 deportavit.
742 1132 868 1172 Dicta
905 1146 1076 1186 quoque
1129 1133 1340 1185 quondam
1372 1132 1615 1172 Britannice

222 1202 477 1243 Inis-vitrin2
508 1201 662 1250 fuerat,
686 1200 765 1240 hoe
797 1208 873 1249 est,
908 1199 1043 1239 insula
1073 1200 1219 1239 vitrea.
1281 1199 1353 1239 Ex
1384 1213 1468 1251 quo
1499 1213 1618 1239 voca-

223 1270 321 1311 bulo
339 1269 685 1324 supervenientes
701 1275 847 1322 postea
870 1266 1060 1307 Saxones
1076 1265 1216 1306 locum
1238 1266 1358 1305 illum
1379 1266 1616 1319 Glastitzye-

221 1337 312 1377 buri
331 1337 607 1377 vocitabant.³
668 1335 772 1375 Glas
806 1334 918 1374 enim
940 1333 1086 1387 lingua
1115 1347 1261 1372 eorum
1291 1334 1442 1372 vitrum
1482 1340 1616 1382 sonat,

221 1411 265 1445 et
284 1406 394 1459 bury
415 1409 594 1444 castrum
614 1403 681 1443 vel
701 1403 851 1442 civitas
872 1401 1124 1455 appellatur.

280 1471 511 1512 Sciendum
550 1469 678 1510 etiam
719 1469 834 1523 quod
873 1483 963 1508 ossa
1006 1474 1174 1522 reperta
1213 1467 1398 1522 corporis
1430 1467 1612 1508 Arthuri

222 1547 307 1581 tam
328 1539 503 1593 grandia
530 1538 722 1587 fuerunt,
744 1542 794 1577 ut
815 1543 858 1576 et
888 1535 995 1575 illud
1026 1542 1166 1590 poetae
1189 1535 1445 1589 completum
1475 1535 1518 1575 in
1548 1535 1612 1575 his

221 1607 356 1648 videri
375 1613 540 1661 posset:

453 1690 475 1707 “
489 1688 705 1732 Grandiaque
722 1686 853 1720 effossis
866 1685 1041 1719 mirabitur
1058 1697 1132 1719 ossa
1148 1684 1372 1730 sepulchris.''

279 1763 339 1804 Os
361 1763 474 1804 enim
506 1762 626 1803 tibiae
661 1761 794 1815 ipsius
827 1759 1067 1814 appositum
1093 1758 1250 1813 [tibiae]
1276 1759 1507 1813 longissimi
1533 1759 1610 1799 viri

221 1832 316 1881 loci,
340 1846 466 1885 quem
499 1836 541 1870 et
570 1828 693 1869 nobis
723 1827 850 1867 abbas
882 1827 1078 1876 ostendit,
1102 1827 1288 1881 etjuxta
1308 1826 1457 1880 pedem
1487 1834 1609 1866 torrae

221 1900 335 1939 illius
370 1898 548 1938 affixum
583 1896 697 1949 large
739 1894 874 1935 tribus
915 1893 1060 1947 digitis
1101 1901 1214 1933 trans
1252 1909 1365 1947 genu
1406 1894 1538 1948 ipsius
1567 1909 1610 1933 se

220 1966 427 2021 porrexit.
500 1964 561 2005 Os
597 1963 724 2004 etiam
760 1961 908 2015 capitis
941 1968 1144 2014 tanquam
1182 1961 1234 2001 ad
1273 1961 1512 2015 prodigium
1544 1960 1610 2000 vel

221 2041 437 2074 ostentum
477 2046 611 2086 capax
649 2038 739 2071 erat
779 2038 821 2069 et
859 2043 1064 2082 grossum,
1102 2028 1205 2068 adeo
1237 2036 1286 2068 ut
1321 2028 1431 2068 inter
1467 2028 1610 2068 cilium

221 2110 264 2142 et
281 2101 424 2142 oculos
439 2099 621 2154 spatium
641 2097 865 2152 palmalem
883 2096 1209 2150 amplitudinem
1230 2095 1342 2149 large
1364 2095 1611 2135 contineret.

279 2168 561 2224 Apparebant
581 2173 723 2206 autem
744 2165 789 2204 in
808 2164 886 2204 hoc
907 2163 1082 2203 vulnera
1103 2163 1246 2202 decem
1267 2172 1340 2202 aut
1360 2162 1492 2216 plura,
1515 2177 1612 2215 quae

220 2244 371 2278 cuncta
390 2242 549 2290 praeter
570 2248 704 2273 unum
724 2232 860 2285 majus
891 2230 1070 2279 caeteris,
1094 2230 1209 2283 quod
1232 2229 1394 2269 hiatum
1414 2229 1613 2283 grandem

221 2304 392 2351 fecerat,
408 2302 608 2356 quodque
630 2299 765 2340 solum
787 2297 944 2338 lethale
965 2296 1095 2336 fuisse
1114 2295 1350 2344 videbatur,
1373 2295 1416 2335 in
1437 2295 1613 2335 solidam

221 2377 503 2412 convenerant
521 2367 772 2408 cicatricem.

271 2471 278 2490 ¹
308 2469 407 2503 Enim
427 2467 580 2508 ΑυιιΙΙοη,
600 2465 674 2498 MS.
955 2461 1035 2506 they
1068 2462 1152 2495 have
1184 2463 1282 2506 given
1325 2463 1362 2495 of
1398 2462 1454 2495 the
1488 2461 1617 2505 finding

267 2516 280 2535 ²
307 2515 389 2549 Em's
403 2515 529 2560 gutrin,
548 2513 612 2546 MS
955 2508 993 2540 of
1023 2507 1114 2552 King
1148 2508 1304 2541 Arthur’s
1342 2508 1431 2541 body
1466 2508 1498 2540 in
1533 2507 1619 2540 their

267 2564 279 2582 ³
304 2561 394 2595 Both
425 2559 610 2604 Knyghton
644 2557 709 2590 and
745 2556 887 2600 Bromp-
956 2554 1142 2598 respective
1160 2553 1358 2587 chronicles.
1408 2556 1470 2587 beo
1501 2554 1617 2598 Twys-

221 2615 279 2642 ton
318 2607 386 2640 had
427 2604 598 2649 evidently
636 2603 704 2636 this
746 2613 886 2647 passage
958 2599 1032 2642 den,
1052 2602 1140 2635 2397
1159 2600 1223 2633 and
1244 2601 1343 2633 1152.

221 2654 334 2688 before
353 2653 458 2694 them,
476 2652 509 2684 in
528 2651 585 2684 the
617 2655 761 2683 account
780 2647 888 2682 which
