1908 3135
469 240 533 271 DE
569 241 919 273 INSTRUCTIONE
956 243 1236 275 PRINCIPUM.
1502 238 1552 279 77

156 344 242 384 vita
260 344 471 399 suffragiis
494 342 614 383 exilii
636 349 826 396 tempore
848 348 966 382 tanta
988 342 1207 396 diligentia
1232 347 1556 397 sustentaverat)

156 412 345 466 ejusdem
366 412 410 452 in
432 417 566 451 morte
588 408 786 462 suffragia
806 409 954 449 devote
982 410 1273 463 postulaturus
1305 412 1492 460 accessit,
1516 421 1559 451 et

156 480 315 534 scypho
344 494 471 520 aureo
505 485 589 518 tam
618 477 718 517 artis
749 491 876 530 quam
904 477 1093 517 materiae
1125 479 1344 531 majestate
1376 493 1461 518 non
1495 480 1556 518 in-

156 547 269 597 fimo,
287 548 331 587 in
351 547 443 587 loco
464 546 539 586 ubi
561 559 725 585 sacrum
744 559 895 598 corpus
916 545 1181 585 reconditum
1201 545 1342 586 fuerat
1363 546 1559 587 decenter

158 614 315 664 oblato,
352 629 446 655 cum
482 613 534 653 ad
565 611 762 666 martyris
800 611 990 651 tumbam
1028 619 1263 665 prostratus
1297 613 1558 667 aliquamdiu

157 682 420 731 declinasset,
460 687 503 721 et
541 680 586 719 in
623 679 776 719 dextro
813 678 997 718 lateralis
1049 680 1357 734 marmoreique
1409 681 1560 735 lapidis

156 749 362 789 foramine
399 755 547 802 aptum
570 761 737 787 coronae
757 752 886 800 caput
907 745 1068 786 diutius
1089 747 1368 801 apposuisset,
1391 748 1558 788 demum

157 816 209 857 ab
243 816 432 856 oratione
464 828 699 867 resurgens,
730 819 781 853 ut
810 813 1162 866 peregrinationis
1197 829 1285 854 suae
1318 816 1557 855 memoriam

157 890 364 938 perpetua
398 882 623 936 largitione
660 880 860 929 muniret,
891 880 1127 920 astantibus
1153 881 1274 935 Rege
1308 882 1558 936 Anglorum,

161 951 349 991 Henrico
383 948 706 991 Flandrensium
747 947 914 987 Comite
957 947 1159 1002 Philippo
1195 964 1357 989 necnon
1400 958 1443 990 ct
1480 950 1558 990 loci

161 1018 349 1073 ejusdem
384 1026 468 1058 tam
492 1015 811 1070 Archipraesule
837 1030 964 1069 quam
997 1015 1241 1057 Conventus
1273 1017 1433 1066 Priore,
1467 1032 1561 1057 cum

159 1085 251 1125 aliis
265 1085 365 1124 viris
385 1084 562 1138 magnis,
579 1082 873 1123 Cantuariensi
892 1083 1088 1123 coenobio
1108 1090 1278 1123 centum
1294 1085 1380 1124 vini
1403 1085 1562 1125 modios

112 1152 116 1155 ’
160 1152 379 1192 annuatim
400 1151 623 1205 impendit.
663 1149 858 1190 Secunda
879 1149 1077 1189 discessio
1096 1149 1228 1203 Regis
1248 1151 1426 1191 Henrici
1449 1151 1563 1191 tertii

161 1227 204 1260 et
227 1218 405 1259 Comitis
428 1217 643 1266 Gaufridi,
668 1223 710 1256 et
729 1231 840 1255 mors
861 1216 1079 1269 inopinata
1100 1216 1232 1271 Regis
1248 1217 1431 1271 junioris
1452 1219 1565 1271 apud

162 1285 440 1326 Martellium.
483 1283 708 1324 Adventus
723 1281 987 1322 Coloniensis
1001 1281 1323 1337 Archiepiscopi
1341 1284 1567 1324 Godefridi

161 1368 257 1394 cum
291 1352 493 1406 Philippo
520 1349 847 1392 Flandrensium
877 1349 1057 1399 Gemite,
1093 1349 1364 1390 Cantuariam
1390 1366 1566 1405 peregre

160 1419 355 1475 profecti.
417 1418 538 1459 Mors
583 1417 761 1458 Comitis
810 1416 1035 1458 Gaufredi.
1098 1417 1326 1459 Adventus
1377 1418 1565 1459 Heraclii

163 1486 437 1535 Patriarchae,
456 1492 498 1526 et
515 1485 650 1539 prima
667 1484 693 1524 J
696 1484 842 1525 oannis
855 1484 930 1524 filii
949 1484 1082 1538 Regis
1099 1485 1144 1524 in
1160 1484 1413 1526 Hiberniam
1436 1493 1568 1527 trans-

161 1554 347 1595 fretatio.
410 1553 520 1594 Haec
536 1553 667 1606 igitur
682 1552 770 1593 fere
786 1552 926 1592 omnia
947 1551 1056 1591 sicut
1075 1567 1151 1606 per
1168 1552 1359 1594 ordinem
1381 1561 1480 1594 sunt
1499 1555 1566 1595 hic

163 1622 391 1676 disposita3
426 1620 483 1661 sic
516 1635 601 1660 non
632 1619 769 1673 longis
788 1620 839 1659 ab
861 1618 1041 1659 invicem
1064 1626 1302 1673 temporum
1327 1620 1566 1663 interstitiis

163 1689 319 1729 nostris
341 1688 490 1728 diebus
514 1687 758 1727 acciderunt
779 1694 821 1727 et
842 1682 1047 1726 annorum
1080 1687 1230 1740 spatiO,
1254 1689 1373 1741 quasi
1394 1689 1567 1743 triginta

165 1764 264 1797 tres.

223 1823 261 1864 O
285 1838 412 1878 quam
433 1823 616 1864 feliciter
637 1823 882 1863 successisse
918 1824 1198 1877 probaverim,
1222 1824 1256 1864 si
1278 1825 1348 1865 ille
1370 1826 1490 1879 cujus
1512 1826 1566 1866 ad

163 1891 341 1945 gloriam
373 1890 466 1931 haec
498 1891 804 1944 propemodum
828 1898 980 1931 cuncta
1001 1891 1278 1945 contigerant,
1304 1908 1431 1946 quem
1461 1894 1565 1933 adeo

165 1958 286 2012 quasi
301 1958 558 1999 blandiendo
575 1958 618 1998 in
637 1958 812 2011 singulis
830 1958 1018 1998 Fortuna
1035 1958 1087 2011 (si
1102 1959 1206 2012 quid
1221 1966 1359 2000 tamen
1377 1960 1567 2001 Fortuna

164 2026 244 2079 est)
266 2025 309 2065 in
332 2032 397 2065 tot
417 2025 605 2065 articulis
628 2032 713 2065 tam
735 2025 950 2065 fortunate
972 2026 1182 2079 provexit,
1200 2026 1299 2067 vitae
1324 2029 1565 2082 temporalis

164 2092 415 2133 comoediam
437 2092 550 2132 felici
580 2093 664 2132 fine
687 2092 973 2146 compleverit,
997 2100 1040 2133 et
1061 2093 1276 2147 duplicata
1306 2094 1435 2135 immo
1458 2096 1568 2136 mul-

165 2160 355 2214 tiplicata
390 2159 543 2200 favoris
583 2160 729 2213 gratia,
768 2175 792 2199 a
832 2166 949 2200 tanta
989 2161 1176 2201 terrestri
1214 2161 1348 2215 gloria
1388 2164 1565 2203 transire

163 2227 344 2267 valuerit
364 2227 415 2267 ad
448 2229 672 2267 aeternam!
738 2226 833 2267 Hoc
865 2234 1007 2268 autem
1035 2228 1234 2281 perfacile
1255 2229 1347 2269 fieri
1377 2231 1565 2283 potuisse

164 2294 428 2342 crediderim,
456 2294 490 2333 si
522 2295 574 2334 ad
609 2293 794 2333 nobilem
828 2294 943 2333 illam
975 2294 1131 2335 Christi
1163 2296 1425 2336 vocationem
1457 2297 1565 2351 (qui,

166 2361 286 2415 quasi
313 2376 390 2415 pro
412 2361 540 2401 tantis
570 2361 718 2413 gratiae
751 2375 838 2401 suae
867 2361 1113 2401 muneribus
1145 2362 1206 2416 [in
1234 2370 1344 2402 terra
1368 2364 1563 2417 collatis,]

165 2428 423 2468 remunerari
469 2428 597 2482 petiit
637 2428 680 2467 in
724 2428 862 2481 terris)
903 2428 1006 2468 citra
1053 2428 1193 2483 lapsus
1241 2445 1384 2471 omnes
1425 2432 1566 2472 statim

166 2496 499 2549 obtemperando
521 2510 564 2535 se
588 2503 832 2549 promptum
858 2510 903 2535 ac
933 2495 1131 2536 devotum
1160 2498 1423 2538 ostendisset.
1488 2499 1567 2553 [Et

167 2563 241 2617 qui
298 2578 373 2617 per
427 2578 503 2602 sex
553 2562 685 2602 lustra
734 2563 891 2602 mundo
943 2570 1026 2603 tam
1075 2564 1256 2617 gloriose
1305 2574 1564 2619 regnaverat,

167 2630 394 2684 septimum
443 2630 590 2669 saltem
642 2629 747 2669 illud
785 2630 865 2669 viz.
908 2631 1121 2671 tantillum
1163 2633 1376 2686 temporis,
1418 2633 1483 2673 vel
1533 2634 1566 2674 si

166 2697 348 2751 amplius
366 2697 474 2737 forte
494 2696 707 2737 indultum
727 2696 870 2746 fuerit,
890 2697 1105 2739 residuum
1124 2706 1261 2739 totum
1280 2700 1374 2740 Deo
1390 2701 1565 2741 dicando

170 2763 337 2805 Christo
388 2772 613 2817 regnasset,
658 2764 1052 2818 Christianitatique
1094 2767 1172 2806 toti
1218 2767 1258 2806 in
1306 2767 1472 2808 laudem
1524 2777 1563 2808 ct
