1908 3135
363 270 419 307 28
775 279 1017 312 GIRALDUS
1053 280 1351 312 OAMBRENSIS

361 391 442 429 que
464 390 634 430 prorsus
660 376 811 416 inutile
833 377 959 427 fecit3
987 377 1069 417 nisi
1100 377 1210 417 forte
1242 378 1413 417 domum
1435 377 1754 418 conventualem

360 450 527 483 tantum
548 443 706 483 ordinis
729 443 1008 484 Cartusiensis
1041 444 1091 484 de
1108 443 1314 494 Witham,
1333 459 1365 484 s.
1382 444 1558 484 modicis
1579 444 1757 498 sumpti-

359 510 438 550 bus
474 517 517 550 et
552 509 722 558 exilem,
756 510 808 549 ad
842 510 921 550 hoc
957 510 1104 550 fecisse
1142 511 1330 560 dicatum
1363 510 1595 564 simplicem
1627 518 1757 565 atque

360 576 585 629 benignam
607 576 692 616 Dei
711 577 961 630 patientiam
980 576 1173 617 humanis
1203 577 1249 617 in
1269 578 1382 618 hunc
1402 578 1575 618 modum
1597 578 1760 632 sophis-

362 643 443 683 tice
464 643 673 693 versutiis,
705 643 1004 684 circumvenire
1035 645 1308 686 contendens.

422 710 505 750 Sed
528 710 631 764 quid
651 710 804 750 attinet
824 710 1008 750 humana
1027 711 1214 752 versutia
1230 718 1375 751 contra
1393 711 1535 752 divina
1551 710 1726 752 consilia
1744 712 1760 750 2

362 777 457 817 Non
473 783 531 817 est
545 778 767 831 sapientia,
783 792 860 817 non
874 783 932 817 est
940 778 1183 831 prudentia,
1198 793 1277 817 non
1291 784 1349 817 est
1373 778 1599 826 consilium,
1610 777 1755 818 adver-

360 859 427 883 sus
443 845 670 884 Dominum.
730 844 947 897 Sapientes
975 849 1109 883 autem
1132 850 1225 884 sunt
1252 850 1295 884 ut
1303 845 1476 896 faciant
1506 845 1629 893 mala,
1655 846 1757 884 bona

360 912 605 963 verofaeere
621 912 831 950 nesciunt-¹
867 910 1173 960 Veruntamen,
1190 918 1239 951 ut
1255 911 1314 951 ait
1325 910 1573 964 Apostolus,
1600 911 1643 950 U
1641 912 1679 950 bi
1691 926 1758 951 sa-

354 978 491 1030 piens,
513 978 581 1016 ubi
602 978 752 1026 scriba,
770 978 838 1016 ubi
855 978 1105 1031 conquisitor
1120 978 1239 1031 hujus
1254 977 1423 1024 sceeuli,·
1444 992 1572 1017 nonne
1591 978 1760 1017 stultam

350 1045 461 1096 feeit
494 1045 610 1083 Deus
629 1045 877 1097 sapientiam
898 1045 1017 1097 liujus
1037 1044 1177 1084 mmzdi
1195 1045 1211 1084 ?
1267 1044 1326 1083 Et
1352 1043 1507 1084 iterum
1526 1061 1535 1094 3
1576 1044 1615 1084 V
1611 1044 1672 1083 olo
1692 1059 1761 1083 vos

359 1112 564 1164 sapientes
604 1111 765 1164 quidem
805 1126 887 1151 esse
920 1113 963 1151 in
996 1112 1108 1160 bono,
1147 1111 1353 1165 simplices
1388 1116 1522 1150 autern
1559 1111 1603 1150 in
1639 1111 1757 1150 malo.

363 1177 484 1217 Sicut
503 1178 614 1217 enim
633 1192 758 1218 nemo
779 1192 803 1218 a
831 1177 969 1232 seipso
1004 1177 1167 1232 sapiens
1197 1192 1286 1218 esse
1316 1183 1471 1231 potest,
1494 1178 1566 1218 sed
1596 1178 1648 1218 ab
1678 1178 1759 1219 Illo

360 1244 610 1293 illustrante,
633 1245 683 1284 de
705 1259 790 1298 quo
811 1245 1016 1299 scriptum
1043 1251 1120 1293 est,
1149 1244 1288 1284 Omnis
1308 1245 1516 1298 sapientia
1537 1259 1562 1283 a
1582 1245 1759 1286 Domino

361 1312 452 1350 Deo
474 1318 543 1352 est.
603 1311 663 1351 Et
683 1311 799 1360 alibi,
820 1312 964 1351 Nolite
976 1313 1204 1366 prudentes
1225 1325 1306 1351 esse
1328 1311 1441 1364 apud
1471 1317 1619 1351 vosmet
1653 1313 1759 1365 ipsos

350 1378 564 1429 fallentes,
589 1380 665 1420 &c.
728 1379 809 1419 Cui
845 1379 1070 1419 concordat
1104 1379 1213 1419 illud
1244 1379 1368 1419 Isaiae
1388 1395 1398 1428 ;
1438 1379 1507 1419 V(e
1541 1379 1651 1419 vobis
1686 1381 1758 1434 qui

360 1445 565 1498 sapientes
578 1448 674 1486 estis
690 1448 733 1486 in
751 1447 879 1486 oeulis
894 1448 1040 1486 vestris
1061 1451 1099 1486 et
1121 1446 1234 1500 apud
1247 1452 1396 1486 vosmet
1408 1447 1516 1499 ipsos
1520 1447 1760 1500 prudentes.

363 1512 496 1553 Item:
519 1512 751 1553 Prudentia
771 1513 908 1552 carnis
924 1527 1028 1552 mors
1042 1517 1112 1553 est.
1155 1513 1213 1553 Et
1236 1512 1523 1566 subsequitur,
1538 1512 1759 1567 Sapientia

361 1582 498 1619 carnis
518 1580 687 1619 inimica
709 1587 768 1620 est
797 1581 900 1620 Deo.
960 1580 1020 1620 Et
1039 1580 1208 1630 iterum,
1231 1580 1450 1634 Sapientia
1470 1580 1589 1633 hujus
1620 1581 1760 1620 mundi

360 1647 539 1686 stultitia
558 1652 617 1686 est
638 1648 751 1701 apud
760 1649 910 1688 Deum.
951 1647 1019 1687 Ad
1038 1647 1131 1687 haec
1144 1647 1437 1701 Augustinus3
1460 1651 1486 1668 “
1504 1646 1549 1687 Si
1571 1647 1758 1688 Domino

361 1713 565 1763 mentiris,
589 1714 627 1754 ei
657 1715 848 1755 mentiris
871 1729 999 1769 quem
1022 1729 1108 1755 non
1141 1714 1276 1763 fallis3
1308 1713 1480 1754 mentiri
1502 1713 1596 1753 Deo
1620 1721 1758 1767 potes,

362 1780 505 1820 Deum
525 1781 670 1822 fallere
691 1796 776 1821 non
796 1789 929 1836 potes.
992 1782 1116 1822 Intus
1149 1788 1190 1822 te
1211 1781 1344 1830 videt,
1367 1781 1483 1820 intus
1515 1781 1730 1821 examinat
1747 1799 1757 1831 3

361 1847 475 1887 intus
506 1855 580 1887 aut
614 1848 782 1889 damnat
828 1856 902 1889 aut
948 1847 1161 1889 coronat.”
1221 1847 1333 1887 Item
1363 1847 1390 1887 J
1393 1847 1571 1897 acobus3
1615 1848 1761 1889 Nolite

357 1914 536 1968 yloriari
557 1920 596 1954 et
624 1915 836 1955 mendaces
868 1930 951 1955 esse
986 1915 1178 1954 adversus
1210 1916 1438 1955 veritatem.
1490 1914 1587 1954 Non
1609 1920 1667 1954 est
1694 1930 1761 1955 sa·

354 1982 519 2033 pientia
541 1982 747 2021 desursum
760 1982 1016 2030 descendens,
1033 1983 1105 2021 sed
1125 1988 1288 2022 terrena
1305 1982 1444 2022 anima
1460 1981 1527 2021 vel
1540 1982 1759 2023 diabolica.

364 2048 473 2088 Item
504 2048 798 2097 Cassiodoru33
823 2052 849 2070 ‘⁶
869 2048 1077 2102 Insipiens
1098 2055 1162 2089 est
1187 2049 1259 2088 ille
1286 2048 1361 2102 qui
1378 2048 1536 2088 caelesti
1554 2048 1761 2102 sapientia

360 2129 528 2163 vaCUUS,
547 2114 739 2154 humanis
752 2115 944 2155 versutiis
957 2114 1107 2168 plenus
1121 2115 1222 2155 est.'’
1254 2114 1365 2155 Item
1379 2114 1611 2168 Apostolus
1628 2131 1637 2164 ;
1656 2116 1761 2155 Per-

361 2182 455 2221 dam
470 2182 717 2235 sapientiam
732 2182 993 2235 sapientium,
1010 2187 1049 2220 et
1056 2181 1323 2234 prudentiam
1334 2181 1601 2234 prudentium
1619 2195 1760 2235 repro-

362 2251 473 2290 babo.
541 2249 665 2289 Unde
693 2249 737 2289 in
769 2248 877 2289 Job:
922 2248 1265 2302 Comprehendam
1298 2250 1504 2303 sapientes
1529 2249 1572 2288 in
1605 2250 1761 2289 astutia

361 2332 506 2357 eorum.
559 2317 669 2357 Item
694 2316 882 2371 ejusdem
902 2332 910 2357 :
948 2315 1067 2361 Quod
1081 2316 1250 2356 stultum
1263 2322 1322 2356 est
1337 2317 1436 2364 Dei,
1456 2316 1685 2370 sapientius
1702 2322 1760 2356 est

360 2384 596 2433 hominibus,
615 2390 652 2423 et
667 2384 773 2437 quod
789 2384 988 2436 infirmum
1005 2390 1064 2424 est
1076 2384 1174 2434 Dei,
1179 2384 1337 2436 j'ortius
1358 2389 1417 2423 est
1437 2384 1670 2424 horninibus.

419 2451 456 2491 O
508 2451 657 2491 stultas
696 2451 840 2504 igitur,
881 2466 905 2491 o
954 2451 1106 2501 fatuas,
1148 2466 1172 2491 o
1214 2451 1450 2505 pertinaces
1489 2451 1669 2505 ineptias
1719 2459 1762 2491 et

361 2518 614 2558 obstinatas!
649 2517 770 2557 Nihil
812 2518 925 2571 apud
955 2518 1068 2558 hunc
1105 2518 1206 2557 Rex
1228 2518 1399 2558 omnino
1433 2518 1541 2557 lexis
1581 2519 1760 2571 argutia,

361 2584 467 2623 nihil
509 2591 654 2624 ornata
688 2585 854 2638 proficit
889 2585 1155 2638 eloquentia3
1201 2586 1315 2639 apud
1351 2600 1475 2639 quem
1512 2584 1599 2624 sola
1629 2585 1762 2625 virtus

362 2658 405 2690 et
436 2650 585 2690 veritas
617 2650 735 2704 (quia
769 2665 933 2704 reqnurn
970 2652 1154 2691 eceteram
1186 2654 1265 2691 vim
1291 2653 1474 2706 patitur,
1515 2657 1553 2691 et
1594 2651 1763 2691 violenti

363 2719 529 2771 rapiunt
573 2718 709 2771 illud)
760 2718 825 2758 vel
865 2725 1094 2772 extorquet
1132 2719 1196 2759 vel
1246 2720 1481 2773 persuadet.
1563 2718 1762 2771 Optimus

759 2806 766 2823 ¹
794 2805 892 2839 Prov.
912 2807 986 2840 xxi.
1004 2808 1070 2847 303
1098 2806 1222 2840 Jcrcln.
1243 2807 1286 2840 iv.
1305 2808 1358 2839 22.
