1908 3135
364 262 444 307 178
776 274 1017 306 GIRALDUS
1051 274 1348 306 OAMBRENSIs

360 386 488 426 quem
517 371 679 412 faciunt
709 371 844 425 aliena
878 372 1066 426 pericula
1096 379 1281 413 cautum.
1345 371 1574 422 Quoniam,
1607 378 1656 412 ut
1690 371 1751 412 ait

358 439 561 488 Evodius,
593 439 717 479 ruina
754 439 1086 493 praecedentium
1124 446 1315 494 posteros
1351 439 1486 489 docet,
1529 446 1572 479 et
1605 438 1744 478 cautio

359 513 423 546 est
443 520 606 559 semper
626 506 671 545 in
690 506 918 559 reliquum,
939 505 1081 559 lapsus
1102 506 1302 546 anterior.

415 571 630 612 Libellum
648 572 793 626 itaque
815 572 866 612 de
889 572 1097 626 Principis
1129 571 1415 612 Instructione
1452 570 1608 611 totiens
1638 586 1750 625 prae-

356 638 543 688 missum,
565 646 708 679 nostra
731 639 962 692 diligentia,
994 645 1123 692 prout
1152 638 1197 678 in
1226 644 1344 678 tanta
1370 644 1577 678 terrarum
1607 638 1752 678 turba-

357 705 473 745 tione
522 710 724 758 tantaque
774 705 974 758 temporis
1029 710 1282 758 tempestate
1337 703 1494 757 potuit,
1545 704 1748 745 exaravit.

356 771 574 824 Plangunt
593 771 749 811 etenim
770 785 975 824 proceres,
998 770 1210 823 suspirant
1229 770 1464 824 pontifices,
1486 770 1619 824 luget,
1636 771 1744 823 proh

356 838 500 878 dolor!
544 837 718 877 ecclesia
768 837 878 885 Dei3
927 850 1012 875 non
1052 836 1189 875 solum
1230 836 1430 876 exteriori
1467 836 1741 889 possessione,

353 919 499 944 verum
533 904 661 943 etiam
692 902 905 951 calicibus,
944 902 1090 950 textis,
1129 902 1355 950 crucifixis,
1392 901 1664 955 phylacteriis
1705 909 1748 943 et

354 969 610 1010 ornamentis
636 970 688 1009 ab
717 969 895 1022 antiquo
916 968 968 1008 ad
989 967 1146 1008 Christi
1168 968 1303 1008 solum
1328 967 1532 1021 obsequia
1555 968 1745 1009 fidelium

354 1037 576 1088 largitione
604 1036 780 1085 collatis,
803 1043 1005 1089 tanquam
1033 1035 1238 1089 paganica
1267 1035 1384 1075 rabie
1420 1035 1630 1089 spoliata.1
1688 1036 1749 1077 Et

357 1110 406 1143 ut
424 1103 541 1144 brevi
570 1103 741 1157 eloquio
762 1103 894 1143 nostri
923 1102 1138 1157 temporis,
1160 1102 1289 1142 immo
1312 1102 1587 1156 tempestatis,
1612 1102 1749 1142 forma

354 1170 628 1219 describatur,
646 1176 764 1210 vacat
799 1169 864 1209 his
886 1169 1036 1209 diebus
1056 1169 1306 1223 potentibus
1327 1169 1580 1223 opprimere,
1596 1169 1749 1223 priori-

353 1238 435 1278 bus
454 1253 614 1292 rapere,
636 1237 809 1291 privatis
844 1237 1037 1291 prodere,
1058 1236 1220 1276 miseris
1253 1236 1369 1276 flere.
1431 1235 1614 1290 Propter
1645 1236 1750 1276 duo-

353 1318 448 1344 rum
487 1304 645 1344 etenim
682 1304 902 1343 hominum
940 1303 1141 1343 invidiam
1181 1303 1266 1343 duo
1310 1318 1440 1356 regna
1474 1303 1633 1357 rapinis
1680 1303 1744 1343 in-

352 1370 539 1410 numeris
564 1377 608 1410 et
632 1370 835 1410 inauditis
866 1369 1161 1410 exactionibus
1193 1376 1482 1423 exponuntur.
1544 1368 1744 1411 Qualiter

355 1443 497 1477 autem
517 1443 559 1477 et
578 1452 653 1490 per
672 1451 799 1490 quem
818 1435 910 1476 haee
936 1442 1086 1476 exorta
1118 1436 1249 1477 fuerit
1282 1435 1452 1485 invidia,
1475 1435 1588 1475 unde
1621 1442 1739 1476 tanta

355 1510 399 1544 et
437 1510 523 1544 tam
561 1503 837 1543 inexorabilis
877 1503 989 1542 inter
1038 1517 1210 1557 magnos
1246 1508 1361 1542 mota
1409 1508 1473 1542 est
1522 1501 1742 1553 discordia,

352 1583 429 1622 per
446 1583 572 1621 quem
590 1567 717 1608 etiam
738 1574 849 1607 terra
868 1574 1011 1607 sancta
1027 1574 1186 1607 cassato
1206 1566 1396 1606 fidelium
1409 1566 1553 1606 labore
1573 1581 1659 1606 non
1678 1582 1745 1607 re-

355 1641 566 1688 cuperata,
585 1640 628 1674 et
648 1649 775 1687 quem
795 1633 977 1673 finaliter
998 1633 1196 1674 effectum
1208 1633 1301 1672 haee
1315 1632 1529 1673 contentio
1550 1632 1605 1672 sit
1624 1632 1745 1673 habi-

355 1708 463 1751 tura,
496 1716 624 1755 quem
653 1701 798 1742 etiam2
828 1700 995 1740 exitum
1028 1699 1315 1740 Normannica
1347 1699 1519 1752 Regum
1552 1700 1748 1753 prosapia

355 1768 439 1808 sive
452 1774 677 1821 superstes,
695 1768 779 1808 sive
800 1768 959 1815 futura,
981 1765 1184 1819 consequi
1206 1766 1370 1814 debeat,
1393 1766 1532 1820 ampla
1552 1766 1745 1806 currendi

353 1835 472 1875 novis
519 1834 728 1874 historicis
779 1848 875 1873 area
922 1840 1053 1887 patet.
1133 1832 1331 1874 Qualiter
1380 1832 1507 1872 etiam
1558 1832 1745 1873 catulum

353 1901 633 1955 tyrannicum,
656 1900 957 1940 cruentissimis
977 1915 1001 1939 a
1022 1898 1211 1953 tyrannis
1230 1898 1505 1952 parentaliter
1527 1906 1741 1947 exortum,

353 1968 578 2022 ipsumque
614 1974 889 2021 tyrannorum
932 1966 1120 2005 omnium
1160 1965 1516 2018 tyrannissimum,
1556 1964 1745 2004 felicium

355 2041 398 2074 et
412 2034 668 2074 naturalium
687 2033 794 2073 felix
814 2032 1009 2086 prosapia
1030 2031 1214 2084 Regum,
1239 2045 1420 2084 quorum
1440 2031 1518 2071 sub
1539 2031 1743 2084 regimine

349 2099 481 2151 justo,
513 2096 802 2149 regnandique
832 2094 1116 2135 moderamine
1140 2094 1226 2147 pio,
1261 2095 1338 2134 sub
1370 2094 1600 2147 tranquillo
1631 2093 1744 2148 pacis

355 2178 402 2203 ac
422 2162 629 2202 libertatis
648 2161 816 2215 gaudio,
838 2160 1028 2200 Franciae
1050 2160 1222 2213 quidem
1245 2166 1329 2199 tam
1349 2174 1528 2213 regnum
1554 2160 1745 2200 floruisse

355 2229 586 2269 dinoscitur
617 2242 744 2281 quam
774 2226 1068 2274 sacerdotium,
1097 2226 1237 2266 divina
1273 2225 1548 2279 dispositione
1588 2226 1747 2280 pariter

357 2304 400 2336 et
418 2296 580 2336 ultione
596 2294 748 2335 nostris
760 2292 1097 2334 victoriosissime
1114 2292 1262 2333 diebus
1279 2292 1554 2346 triumphare,
1576 2293 1746 2346 duoque

354 2377 485 2416 regna
509 2362 576 2403 vel
609 2361 689 2401 tria
709 2361 788 2401 sub
823 2359 946 2400 unica
975 2358 1216 2399 monarchia
1245 2359 1538 2413 potentissime
1573 2359 1747 2411 conglu-

354 2429 503 2470 tinare.
564 2427 845 2480 Qualiterque
882 2432 978 2481 post
1011 2432 1098 2466 tam
1127 2425 1276 2465 nubila
1309 2431 1499 2480 tempora
1529 2432 1748 2479 tantaeque

354 2495 576 2549 potestatis
594 2494 829 2547 ingruentis
849 2492 1127 2541 incommoda,
1151 2492 1322 2532 demum
1345 2507 1475 2545 regno
1490 2491 1744 2545 Anglicano,

355 2561 488 2614 pulsis
508 2561 692 2600 nubibus
724 2567 767 2600 et
786 2560 967 2608 nebulis,
989 2559 1077 2599 dies
1098 2573 1271 2598 serenus
1300 2558 1461 2608 illuxit,
1485 2558 1746 2612 occiduaque

356 2626 504 2667 mundi
553 2626 731 2676 climata,
769 2627 848 2667 sub
896 2625 1069 2666 insulari
1118 2625 1342 2679 tyrannide
1388 2631 1508 2666 tanto
1558 2631 1746 2678 tempore

406 2741 414 2760 ¹
442 2740 509 2773 For
526 2739 704 2773 Richard's
721 2750 865 2772 ransom.
1050 2739 1056 2783 Ι
1146 2739 1159 2757 ²
1184 2738 1244 2771 Bis
1261 2738 1295 2771 in
1314 2738 1389 2771 MS.
