1908 3135
333 287 358 326 6
796 292 1041 324 PRAEFATIO
1077 292 1244 323 PRIMA.

331 399 528 444 testante,
548 408 634 434 non
655 392 791 433 solum
817 391 1050 447 juvenibus
1080 390 1200 431 annis
1229 390 1341 430 inter
1360 403 1474 429 arma
1502 388 1654 428 martia
1684 395 1728 427 et

331 459 566 514 imperialia
594 459 764 513 negotia
798 466 929 508 tanta,
951 473 1099 498 verum
1129 464 1172 498 et
1201 457 1247 497 in
1280 457 1373 511 ipso
1407 455 1538 504 senio,
1566 455 1726 495 dictum

336 526 574 581 Alquinum
598 526 865 581 praecipuum
887 531 1193 580 praeceptorem
1210 522 1372 564 habens
1393 528 1436 563 et
1455 521 1726 570 eruditorem,

334 593 454 633 libris
476 600 518 633 et
537 593 691 634 litteris
721 593 910 633 animum
930 591 1139 646 applicare
1164 605 1249 632 non
1279 589 1488 639 cessabat3
1521 588 1728 643 quicquid

336 660 536 715 temporis
571 660 713 701 arduis
742 660 869 700 rebus
902 659 1075 713 agendis
1103 664 1319 713 supererat
1345 657 1389 697 id
1417 663 1554 698 totum
1585 655 1728 696 studio

337 727 526 768 donans.¹

392 793 507 834 Laus
538 794 682 848 itaque
706 794 845 835 virens
875 800 920 835 et
951 791 1243 834 convenientia
1275 792 1431 840 dicens,
1464 790 1579 845 quod
1607 789 1727 843 regni

336 860 546 915 princeps,
566 876 650 915 quo
666 876 756 915 prae
775 860 939 902 caeteris
955 860 1108 900 militia
1122 859 1238 913 viget
1250 864 1446 912 utraque,
1464 864 1549 898 tam
1571 864 1729 898 armata

336 941 463 980 quam
484 934 640 981 togata,
657 935 743 968 tam
762 927 914 967 martia
943 941 998 966 se.
1023 940 1149 979 quam
1179 925 1379 974 litterata,
1411 925 1551 966 studio
1580 925 1729 965 floreat

335 1000 378 1033 et
416 994 633 1048 praecellat
671 1001 868 1048 utroque.
948 993 1063 1033 Illud
1100 1006 1272 1046 quoque
1312 992 1487 1046 dignum
1527 998 1591 1032 est
1628 998 1730 1031 nota

336 1061 451 1114 quod
482 1061 762 1116 philosophiae
798 1060 1052 1114 militiaeque
1082 1074 1125 1099 se
1157 1059 1355 1099 comitare
1388 1073 1552 1112 semper
1590 1058 1731 1098 studia

336 1126 497 1177 solent3
528 1128 638 1169 sieut
658 1129 701 1169 in
735 1128 905 1169 Graecia
925 1128 1004 1168 sub
1026 1127 1277 1175 Macedone,
1301 1126 1411 1167 sicut
1440 1127 1519 1167 sub
1551 1125 1730 1166 Caesari-

335 1194 415 1234 bus
437 1194 604 1244 Romae,
636 1195 746 1236 sicut
768 1202 810 1236 et
841 1195 941 1235 olim
969 1195 1014 1234 in
1044 1194 1220 1235 Francia
1250 1194 1327 1234 sub
1350 1193 1530 1248 Pipinis,
1554 1192 1729 1242 carolis,

338 1267 380 1300 et
401 1262 478 1301 sub
500 1263 745 1303 eorumdem
766 1277 901 1316 usque
922 1262 967 1302 in
987 1261 1240 1302 hodiernum
1260 1261 1376 1314 regia
1394 1261 1526 1316 prole.

385 1374 392 1395 ¹
417 1375 577 1409 Giraldus
595 1376 697 1409 refers
714 1381 749 1409 to
766 1376 834 1409 this
851 1375 949 1420 again
967 1380 1000 1408 at
1065 1374 1183 1408 brated
1211 1375 1281 1418 jest
1299 1385 1307 1408 ε
1347 1375 1369 1393 “
1383 1375 1476 1417 Quid
1505 1374 1609 1409 distat
1642 1374 1730 1408 inter

336 1421 361 1454 f.
392 1422 435 1456 67
464 1433 521 1463 a.;
561 1422 628 1456 and
656 1428 788 1467 repeats
820 1422 878 1455 the
911 1421 999 1455 cele·
1068 1421 1207 1455 Scotum
1225 1426 1258 1454 et
1276 1421 1425 1455 sotum.”

700 1613 909 1641 EXPLICIT
942 1612 1178 1640 PRAEFATIO
1210 1611 1365 1639 PRIMA.
