1908 3135
75 1739 164 1764 Ofthe
177 1739 271 1763 distin-

75 1772 188 1804 guished
201 1780 260 1804 per-

72 1813 134 1829 sons
146 1806 206 1829 who

73 1838 168 1862 visited
183 1839 256 1868 Eng-

75 1871 139 1895 land
152 1871 250 1903 during

74 1903 115 1928 his
127 1904 211 1936 reign.

297 278 350 316 14
707 286 946 318 GIRALDUs
980 283 1276 317 CAMBRENSIS

297 390 383 425 tate
417 399 491 424 sua
529 384 736 424 ambitum
767 384 989 425 extendit.¹
1053 383 1173 424 Solet
1201 383 1373 438 quippe,
1397 381 1598 436 quoniam
1628 396 1685 422 ex

296 452 558 492 abundantia
585 451 720 492 cordis
747 466 791 491 os
815 451 1019 505 loquitur,
1041 451 1276 491 animosum
1306 449 1462 504 pariter
1491 455 1536 488 et
1553 448 1686 488 ambi-

298 519 454 558 tiosum
481 531 619 558 coram
648 518 821 572 privatis
842 519 928 559 suis
956 533 1261 572 nonnunquam
1281 518 1456 558 verbum
1477 516 1686 564 emittere,

299 589 479 626 “totum
516 585 712 626 videlicet
749 586 957 626 mundum
1006 585 1081 625 uni
1126 585 1260 639 probo
1306 584 1558 639 potentique
1598 582 1686 623 viro

297 669 447 708 parum
496 653 648 694 esse.‘2’'
708 652 831 693 Adeo
876 652 1085 706 siquidem
1130 666 1207 706 per
1251 651 1494 692 universum
1541 650 1687 690 orbem

299 720 480 761 nominis
505 721 599 774 ejus
631 720 743 760 fama
771 719 948 760 celebris
978 719 1194 768 extiterat,
1216 724 1267 758 ut
1295 718 1386 772 ipsa
1413 732 1500 772 prae
1526 716 1688 757 cunctis

299 794 424 828 terrae
446 787 616 841 regibus
637 801 683 827 ac
704 786 968 841 principibus
988 793 1031 826 et
1056 785 1254 826 fidelibus
1274 786 1327 826 ad
1347 785 1524 839 gloriam
1543 784 1687 833 fuerit,

299 861 342 894 et
361 853 593 907 gentilibus
614 854 667 894 ad
687 860 902 894 terrorem.
964 852 1121 894 Cuncti
1145 867 1316 907 quoque
1347 860 1553 893 terrarum
1574 851 1689 905 prin-

299 920 426 974 cipes,
450 928 536 961 tam
557 920 789 962 Christiani
812 935 938 974 quam
961 920 1172 969 Gentiles,
1194 927 1238 960 et
1257 920 1367 960 sicut
1387 918 1690 959 Alemannicus

299 987 581 1037 Frethericus,
618 994 662 1027 et
693 986 872 1027 Manuel
905 986 1099 1035 Graecus,
1132 986 1191 1026 sic
1212 985 1457 1026 Noradinus
1488 1000 1564 1025 suo
1585 992 1690 1024 tem-

298 1069 414 1107 pore,
456 1062 500 1094 et
528 1062 625 1108 post
655 1054 906 1104 Saladjnus3
939 1061 982 1094 et
1017 1053 1127 1093 sicut
1166 1052 1285 1093 Asiae
1322 1053 1379 1093 sic
1412 1059 1455 1093 et
1484 1052 1690 1105 Europae,

301 1121 524 1175 Hispaniae
565 1122 775 1171 videlicet,
808 1129 894 1162 tam
931 1121 1030 1162 fidei
1066 1120 1285 1161 domestici
1322 1135 1449 1174 quam
1485 1119 1690 1167 infideles,

300 1189 483 1228 eundem
514 1189 677 1230 exeniis
708 1196 751 1230 et
770 1189 936 1230 nunciis
968 1188 1123 1230 crebris
1146 1188 1351 1229 honorare
1382 1192 1692 1229 consueverunt

301 1262 346 1295 et
365 1255 547 1297 visitare.

901 1440 1008 1483 CAP.
1032 1440 1096 1482 ΙΙ.

304 1535 371 1574 De
401 1548 637 1588 maynorum
671 1536 863 1585 virorum,
895 1537 971 1575 isto
1004 1540 1216 1589 reynante,
1243 1536 1286 1575 in
1317 1533 1514 1589 Anqliam
1546 1535 1696 1576 adven-

946 1603 1065 1644 tibus.

365 1723 746 1765 CONFLUXERUNT
761 1727 776 1750 3
799 1724 843 1764 in
871 1723 1086 1778 Angliam,
1107 1724 1188 1764 isto
1209 1729 1426 1777 regnante,
1457 1729 1501 1763 et
1521 1723 1574 1762 ob
1606 1723 1697 1777 ejus

306 1791 490 1832 maxime
511 1791 782 1832 sublimitatis
802 1791 1018 1840 honorem,
1038 1791 1088 1831 de
1108 1791 1362 1831 diversarum
1384 1798 1589 1831 terrarum
1605 1790 1698 1830 fini-

306 1860 385 1899 bus
418 1858 497 1899 viri
529 1865 686 1912 praeter
720 1859 892 1899 solitum
931 1858 1072 1912 magni
1104 1865 1147 1898 et
1181 1857 1393 1911 magnifici
1430 1856 1567 1897 multi.
1630 1857 1697 1897 De

310 1926 552 1967 Germaniae
583 1941 726 1979 regno,
758 1932 915 1979 praeter
956 1925 1142 1966 Comites
1172 1940 1218 1965 ac
1244 1924 1512 1965 Marchiones
1552 1940 1700 1978 quam-

308 1993 526 2048 plurimos,
560 1993 882 2046 Archiepiscopi
924 1992 1195 2033 Colonienses
1236 1991 1335 2040 duo,
1376 1991 1586 2032 animosus
1626 1992 1697 2032 ille

310 2060 573 2114 Reginaldus
607 2067 650 2101 et
669 2059 732 2100 vir
758 2059 943 2113 inclytus
969 2065 1115 2113 postea
1136 2058 1396 2099 Godefridus
1414 2061 1445 2108 34
1473 2058 1551 2098 iste
1579 2073 1700 2113 pere-

357 2171 365 2190 ¹
393 2171 447 2216 By
468 2171 525 2204 the
555 2176 664 2216 treaty
685 2171 722 2203 of
743 2169 906 2215 marriage
936 2170 969 2203 in

312 2218 411 2258 1173,
435 2216 566 2250 ratified
595 2228 638 2249 on
668 2216 824 2250 occasion
854 2217 891 2249 of
913 2216 970 2249 the

310 2263 458 2307 nuptials
483 2263 522 2296 of
544 2262 597 2296 his
623 2274 683 2296 son
701 2262 792 2295 John
810 2262 891 2295 with
914 2262 971 2295 the

312 2308 476 2352 daughter
519 2308 557 2342 of
598 2308 768 2342 Humbert
814 2308 893 2341 Earl
939 2308 976 2340 of

311 2353 523 2388 Maurienne.
573 2355 635 2387 See
677 2354 733 2387 the
777 2353 892 2387 letters
938 2354 972 2386 in

311 2400 518 2433 Benedictus
547 2400 674 2443 Abbas,
704 2400 770 2434 and
804 2400 972 2445 Bouquet,

311 2446 404 2479 xviii.
423 2458 456 2491 p.
477 2448 553 2481 127.

357 2492 370 2510 ²
394 2493 457 2524 See
487 2493 584 2535 Ross,
612 2492 702 2525 Hist.
731 2492 872 2536 Regum,
899 2491 974 2524 who

311 2543 430 2580 quotes
464 2538 532 2571 this
557 2538 763 2582 expression,
790 2538 906 2582 nearly
940 2538 973 2570 in

313 2583 369 2615 the
386 2583 495 2615 words
512 2584 551 2616 of
563 2595 623 2616 our
639 2584 768 2626 author,
787 2595 820 2627 p.
841 2586 917 2617 143.

358 2629 372 2649 ³
398 2628 642 2670 conflixerant,
660 2629 737 2663 MS.

359 2675 372 2693 ⁴
398 2674 517 2707 Under
537 2674 595 2708 the
620 2686 700 2718 year
726 2676 825 2716 1184,
852 2674 974 2707 Diceto

313 2720 482 2753 mentions
514 2720 572 2753 the
604 2720 738 2764 coming
778 2720 816 2753 of
858 2720 975 2764 Philip

314 2765 529 2811 Archbishop
543 2766 581 2799 of
590 2765 749 2810 Cologne,
764 2766 845 2799 with
860 2765 974 2810 Philip

315 2810 395 2844 Earl
436 2812 474 2845 of
512 2811 689 2855 Flanders,
730 2817 764 2845 to
797 2812 876 2845 visit
917 2811 974 2845 the

1037 2170 1150 2203 shrine
1179 2169 1217 2202 of
1245 2169 1280 2203 S.
1312 2169 1461 2202 Thomas
1493 2175 1528 2203 at
1558 2170 1698 2203 Canter-

1037 2216 1123 2261 bury
1157 2215 1312 2260 (Twysd.
1347 2215 1393 2248 X.
1432 2216 1554 2261 Script.
1587 2217 1697 2260 625);

1039 2262 1104 2295 and
1122 2261 1193 2295 also
1210 2261 1267 2295 the
1285 2261 1441 2307 embassy
1458 2261 1496 2294 of
1516 2261 1573 2294 the
1590 2262 1698 2295 schis-

1038 2307 1175 2341 matical
1205 2307 1420 2352 Archbishop
1461 2307 1628 2351 Reginald
1664 2308 1697 2340 in

1041 2357 1130 2387 1165
1161 2354 1209 2398 (p.
1235 2355 1313 2395 539,
1339 2353 1427 2398 ib.);
1452 2353 1514 2386 but
1542 2354 1580 2386 of
1605 2353 1698 2386 God-

1040 2400 1112 2445 frey
1130 2399 1145 2432 I
1164 2399 1235 2433 find
1257 2411 1301 2432 no
1318 2400 1482 2433 mention.
1530 2399 1700 2444 Probably

1040 2447 1066 2479 it
1083 2445 1204 2479 should
1220 2446 1263 2478 be
1282 2445 1407 2489 Philip.

1087 2491 1243 2535 Bouquet
1273 2492 1451 2525 observes:
1490 2491 1701 2525 “Memoriae

1039 2538 1135 2582 lapsu
1166 2537 1326 2570 Giraldus
1358 2549 1532 2582 perperam
1565 2537 1699 2581 scripsit

1040 2583 1260 2627 Reginaldus,
1290 2595 1378 2616 anno
1414 2586 1503 2616 1166
1534 2589 1698 2616 mortuus.

1041 2629 1119 2672 Qui,
1153 2641 1241 2662 anno
1288 2631 1385 2671 1184,
1424 2629 1466 2662 ad
1512 2628 1699 2662 Henricum

1040 2675 1176 2719 Angliae
1208 2675 1337 2720 Regem
1370 2675 1538 2719 legatione
1564 2674 1700 2708 functus

1040 2726 1091 2753 est
1120 2732 1180 2765 pro
1215 2720 1420 2766 Imperatore
1454 2720 1644 2763 Frederico,
1670 2721 1700 2753 is

1040 2772 1109 2800 erat
1122 2767 1299 2812 Philippus
1312 2767 1353 2799 de
1372 2766 1573 2811 Heinsberg.
1609 2766 1699 2800 Vide

1039 2813 1073 2845 in
1091 2818 1183 2846 tomo
1200 2818 1314 2846 nostro
1332 2812 1414 2846 xvii.
1431 2811 1536 2845 460.”
