1908 3135
385 262 463 302 192
787 273 1027 305 GIRALDUS
1063 272 1366 304 OAMBRENSIS
1634 258 1775 320 [APPX.

380 369 494 423 apud
527 368 791 410 Glastoniam
823 371 932 410 inter
965 371 1123 425 lapides
1155 370 1420 424 pyramideos
1452 370 1570 418 duos,
1608 370 1653 408 in
1689 383 1775 409 coe--

382 435 548 475 miterio
570 450 685 476 sacro
704 430 916 490 quondam
949 444 1122 485 erectos,
1147 436 1400 490 profundius
1420 437 1463 476 in
1486 442 1596 475 terra
1617 450 1775 488 quercu

381 517 560 543 concava
590 503 868 552 reconditum,
904 511 947 543 et
977 503 1189 556 signatum
1222 502 1338 542 miris
1373 501 1541 542 indiciis
1579 508 1621 541 et
1654 501 1773 554 quasi

382 569 654 618 miraculosis,
692 576 755 609 est
789 569 1022 618 inventum,
1064 576 1107 609 et
1142 569 1186 608 in
1223 568 1440 608 ecclesiam
1481 582 1576 607 cum
1614 567 1773 607 honore

382 636 644 685 translatum,
666 651 985 689 marmoreoque
1018 637 1215 676 decenter
1235 635 1399 675 tumulo
1420 634 1772 674 commendatum.

384 702 509 742 Unde
530 710 574 742 et
604 716 709 742 crux
731 702 930 756 plumbea
951 702 1088 755 lapide
1120 702 1354 755 supposito,
1375 715 1462 741 non
1496 700 1690 754 superius
1722 707 1772 740 ut

387 768 576 821 [nostris]
601 768 707 808 solet
722 768 885 817 diebus,
907 767 1016 821 [sed]
1037 768 1226 808 inferiori
1247 767 1390 821 potius
1411 781 1466 806 ex
1486 773 1603 820 parte
1623 766 1770 815 infixa,

385 849 512 887 quam
532 850 607 874 nos
630 849 802 888 quoque
822 835 1016 883 vidimus,
1034 849 1216 887 namque
1239 834 1506 873 tractavimus
1523 833 1685 873 litteras
1700 833 1773 873 has

382 901 611 954 insculptas
633 909 675 941 et
694 916 779 941 non
800 901 1032 942 eminentes
1051 907 1093 940 et
1114 907 1344 949 exstantes,
1359 904 1431 939 sed
1448 900 1579 952 magis
1596 900 1773 940 interius

382 968 434 1007 ad
464 967 647 1022 lapidem
664 982 814 1017 versas,
838 967 1104 1008 continebat:
1139 970 1166 988 ‘⁶
1184 967 1275 1007 HIC
1297 979 1434 1006 JACET
1458 979 1677 1006 SEPULTUS
1703 979 1773 1006 IN-

384 1049 554 1076 CLYTUS
582 1035 686 1075 REX
714 1035 972 1075 ARTHURUS
1005 1048 1095 1074 CUM
1118 1034 1481 1074 WENNEVEREIA
1504 1046 1659 1073 UXORE
1691 1046 1772 1073 SUA

384 1104 617 1143 SECUNDAl
641 1114 689 1141 IN
712 1114 877 1141 INSULA
899 1100 1186 1141 AVALONIA.”

441 1168 682 1209 Occurrunt
697 1168 764 1208 hic
786 1175 928 1208 autem
953 1167 1154 1208 notabilia
1183 1167 1388 1221 plurima3
1421 1167 1627 1206 habuerat
1658 1167 1770 1206 enim

382 1250 538 1276 uxores
578 1235 695 1283 duas,
737 1249 917 1288 quarum
955 1234 1104 1274 ultima
1152 1234 1278 1274 simul
1319 1249 1415 1274 cum
1463 1234 1555 1287 ipso
1606 1233 1770 1286 sepulta

380 1303 533 1351 fuerat,
555 1308 599 1343 et
630 1316 721 1342 ossa
750 1301 882 1355 ipsius
914 1316 1010 1341 cum
1046 1301 1207 1341 ossibus
1228 1301 1307 1341 viri
1335 1301 1461 1341 simul
1490 1301 1674 1349 inventa,
1712 1299 1770 1340 sic

382 1369 580 1409 distincta
612 1376 766 1417 tamen,
803 1375 852 1408 ut
889 1369 986 1408 duae
1024 1375 1162 1422 partes
1202 1367 1427 1422 sepulchri,
1461 1382 1602 1408 versus
1643 1373 1770 1420 caput

381 1451 437 1477 sc.
477 1436 639 1476 ossibus
668 1435 746 1476 viri
777 1435 1043 1475 continendis
1077 1435 1308 1488 deputatae,
1342 1433 1469 1477 tertia,
1498 1447 1596 1472 vero
1627 1447 1770 1473 versus

380 1504 508 1557 pedes
524 1517 614 1543 ossa
634 1502 856 1542 muliebria
876 1516 1062 1541 seorsum
1081 1501 1334 1549 contineret3
1364 1500 1439 1539 ubi
1457 1506 1499 1539 et
1520 1499 1624 1539 trica
1639 1513 1769 1538 comae

380 1569 598 1610 muliebris
619 1569 723 1608 flava
756 1583 851 1608 cum
882 1567 1125 1621 integritate
1160 1566 1339 1621 pristina
1370 1573 1412 1606 et
1447 1566 1583 1606 colore
1604 1572 1771 1618 reperta

380 1637 478 1685 fuit,
500 1651 627 1690 quam
662 1644 711 1676 ut
742 1635 969 1675 monachus
1002 1634 1173 1690 quidam
1205 1633 1323 1673 avide
1355 1648 1483 1673 manu
1516 1632 1695 1686 arripuit
1727 1640 1770 1672 et

382 1703 629 1751 sublevavit,
653 1710 741 1743 tota
773 1702 913 1742 statim
944 1701 987 1740 in
1018 1701 1235 1755 pulverem
1257 1700 1426 1740 decidit.
1489 1699 1597 1739 Cum
1627 1706 1769 1739 autem

381 1771 525 1825 aliqua
555 1769 709 1810 indicia
746 1769 928 1822 corporis
968 1768 1029 1807 ibi
1059 1766 1300 1808 inveniendi
1334 1781 1389 1806 ex
1420 1765 1637 1820 scripturis
1669 1765 1768 1814 suis,

382 1838 523 1891 aliqua
545 1851 600 1876 ex
626 1835 779 1875 litteris
802 1834 1089 1888 pyramidibus
1111 1833 1335 1887 impressis,
1359 1847 1616 1886 quamquam
1639 1832 1769 1871 nimia

381 1904 612 1958 plurimum
639 1901 892 1955 antiquitate
926 1900 1087 1949 deletis,
1106 1901 1248 1953 aliqua
1281 1914 1451 1953 quoque
1486 1913 1562 1953 per
1590 1898 1769 1938 visiones

382 1977 425 2010 et
463 1969 738 2010 revelationes
782 1968 902 2007 bonis
941 1967 1040 2007 viris
1078 1974 1120 2006 et
1150 1966 1354 2019 religiosis
1400 1965 1543 2014 factas,
1584 1965 1768 2004 maxime

384 2043 524 2076 tamen
555 2042 598 2075 et
628 2034 936 2075 evidentissime
971 2034 1071 2074 Rex
1094 2033 1265 2086 Angliae
1302 2031 1516 2072 Henricus
1547 2031 1768 2079 secundus,

385 2103 495 2143 sicut
515 2103 566 2142 ab
584 2103 785 2142 historico
808 2109 975 2142 cantore
998 2101 1174 2140 Britone
1196 2100 1387 2140 audierat
1417 2099 1607 2151 antiquo,
1631 2105 1769 2137 totum

383 2168 595 2208 monachis
622 2168 836 2217 indicavit,
860 2167 975 2221 quod
1004 2166 1228 2220 profunde,
1263 2180 1318 2205 sc.
1354 2166 1395 2205 in
1434 2172 1543 2204 terra
1574 2178 1649 2218 per
1681 2164 1768 2203 xvi.

382 2236 509 2289 pedes
546 2235 598 2275 ad
636 2234 776 2275 minus
815 2248 966 2287 corpus
1004 2233 1253 2281 invenirent,
1292 2239 1335 2272 et
1382 2246 1467 2271 non
1514 2231 1559 2270 in
1604 2230 1771 2283 lapideo

384 2302 549 2342 tumulo
594 2302 667 2341 sed
705 2301 749 2340 in
789 2314 948 2353 quercu
986 2306 1142 2339 cavata.
1204 2298 1393 2352 Ideoque
1434 2305 1519 2338 tam
1558 2296 1768 2351 profunde

380 2369 510 2410 situm
531 2383 696 2422 corpus,
720 2374 762 2406 et
784 2367 903 2420 quasi
923 2366 1217 2406 absconditum
1236 2365 1388 2413 fuerat,
1407 2380 1458 2404 ne
1479 2379 1502 2404 a
1528 2362 1769 2403 Saxonibus

380 2442 476 2488 post
495 2449 640 2474 necem
660 2433 793 2487 ipsius
820 2432 1000 2472 insulam
1023 2432 1340 2485 occupantibUS,
1365 2446 1469 2484 quos
1491 2437 1610 2470 tanto
1643 2443 1768 2482 opere

379 2502 521 2541 vivens
544 2500 837 2548 debellaverat,
861 2506 904 2539 et
923 2498 1010 2539 fere
1033 2514 1088 2539 ex
1109 2505 1200 2538 toto
1222 2498 1444 2546 deleverat,
1466 2504 1609 2551 posset
1628 2496 1765 2535 nulla-

380 2576 503 2608 tenus
524 2566 728 2616 inveniri3
762 2573 805 2606 et
840 2566 892 2605 ob
914 2566 992 2605 hoc
1023 2565 1149 2605 etiam
1180 2565 1352 2614 litterae,
1373 2564 1562 2604 veritatis
1594 2562 1765 2610 indices,

428 2662 437 2680 ¹
467 2662 615 2696 Cam...
633 2662 778 2703 secunda,
798 2673 863 2694 om.
883 2661 1036 2701 Lcland3
1105 2663 1275 2706 scriptioni
1314 2664 1352 2695 de
1393 2674 1449 2695 suo
1480 2663 1584 2705 capite
1628 2661 1765 2693 addidit.

380 2709 432 2741 his
450 2719 523 2752 quae
540 2713 724 2751 sequuntur
745 2706 853 2739 verbis
870 2706 911 2738 ad
933 2718 1035 2750 marg.
1107 2708 1248 2741 Collect.
1276 2708 1318 2741 iv.
1340 2710 1392 2740 12.
1441 2707 1506 2740 Sed
1524 2707 1599 2739 vide
1627 2718 1659 2750 p.
1691 2708 1767 2747 106,

379 2753 541 2796 adjectis:
571 2752 725 2786 Silvester
751 2754 800 2785 hic
837 2753 964 2795 aliquid
989 2753 1038 2785 in·
1106 2752 1188 2785 ibid.
