1908 3135
498 222 561 253 DE
592 220 946 253 INSTRUCTIONE
981 220 1265 253 PRINCIPUM.
1493 215 1568 252 ll]

173 321 310 362 Circio
333 321 502 362 demum
523 321 665 370 flante,
688 321 1015 374 transnavigato,
1035 320 1341 360 Normanniam
1364 327 1574 360 transcur-

171 405 265 430 rens
306 396 349 429 et
387 389 732 437 Cenomanniam,
771 402 916 428 versus
959 387 1437 441 Castellum-Radulphi
1478 402 1573 427 cum

169 457 362 498 exercitu
383 456 531 510 grandi
553 456 876 510 deproperavit,
902 456 975 495 ubi
997 463 1040 496 et
1072 455 1185 495 filius
1208 456 1400 510 ejusdem
1425 455 1576 495 Comes

173 523 445 572 Pictavensis,
488 538 512 562 a
551 522 748 562 Tholosae
789 523 981 577 partibus
1015 524 1104 577 jam
1140 538 1345 572 reversus,
1385 537 1428 563 se
1467 523 1578 562 infra

172 591 385 630 modicum
404 598 573 643 tempus
594 589 730 629 valida
761 605 857 629 cum
889 604 1018 629 manu
1048 589 1161 644 patri
1191 590 1404 644 adjunxit.
1467 589 1576 629 Cum

172 658 303 711 igitur
325 672 423 710 erga
444 657 703 697 Francorum
726 656 904 710 Regem,
939 657 1013 711 qui
1047 657 1099 697 ad
1134 657 1353 697 castellum
1375 672 1460 697 non
1491 657 1578 710 pri-

171 733 291 765 vatus
323 730 565 773 accesserat,
587 723 723 764 multa
742 738 818 778 per
850 723 1149 773 internuntios,
1166 739 1280 764 more
1303 724 1442 772 solito,
1476 724 1577 764 Rex

173 791 413 845 Anglorum
450 806 555 831 vano
592 790 735 831 labore
779 797 1132 845 praetemptasset,
1175 792 1347 831 tandem
1388 807 1483 831 cum
1525 792 1576 831 ad

175 858 436 912 colloquium
467 859 534 898 die
566 865 726 898 statuto
758 858 1081 907 convenissent,¹
1103 864 1199 912 post
1219 858 1374 898 multas
1404 859 1576 899 alterca-

176 926 312 966 tiones
332 940 479 979 pacem
512 932 556 965 et
590 925 856 965 concordiam
886 940 971 965 non
1003 925 1256 974 redolentes,
1281 925 1450 965 tandem
1481 926 1578 965 Pic-

176 993 411 1033 tavensium
436 992 599 1041 Comes,
623 993 822 1045 quoniam
844 992 1071 1032 fidelitates
1091 1007 1328 1046 procerum,
1363 993 1473 1033 sicut
1501 1007 1578 1032 nec

176 1060 278 1100 olim
298 1074 438 1113 neque
459 1073 587 1108 nunc,
609 1059 675 1098 vel
696 1074 719 1098 a
747 1066 866 1113 patre
897 1066 1066 1112 poterat
1097 1059 1477 1113 supplicationibus
1502 1060 1579 1099 im-

119 1132 123 1135 *
175 1135 357 1181 petrare,
381 1133 625 1180 suspectum
656 1126 815 1166 habens
845 1126 900 1165 ob
921 1126 1000 1165 hoc
1020 1125 1160 1179 ipsum
1182 1133 1224 1166 et
1246 1127 1338 1180 ejus
1359 1126 1578 1175 malitiam,

176 1209 274 1248 quae
297 1208 461 1247 semper
481 1193 673 1233 invidens
697 1192 940 1241 successori,
960 1192 1204 1232 haeredibus
1235 1193 1438 1246 injuriose
1469 1207 1580 1246 prae-

174 1261 284 1301 ferre
305 1267 409 1300 natu
430 1260 613 1300 minores
633 1260 866 1309 nitebatur,
886 1260 938 1299 ad
959 1260 1218 1300 Francorum
1242 1259 1408 1313 Regem
1441 1275 1579 1299 coram

177 1327 310 1368 oculis
340 1326 471 1381 patris
502 1327 615 1367 illico
638 1342 680 1367 se
704 1327 973 1376 transferens,
997 1326 1047 1366 de
1079 1326 1202 1366 terris
1224 1327 1423 1366 omnibus
1445 1334 1581 1366 trans-

176 1394 361 1443 marinis,
381 1409 479 1447 quae
498 1394 639 1448 ipsum
654 1393 924 1434 haereditario
933 1394 1030 1447 jure
1049 1393 1365 1446 contingebant,
1381 1393 1419 1432 ei
1435 1393 1580 1433 incon-

177 1461 330 1502 tinenti
350 1461 585 1501 hominium
606 1461 723 1501 fecit.
784 1460 845 1500 Et
864 1467 1021 1514 praeter
1042 1460 1121 1500 hoc
1143 1460 1268 1500 etiam
1302 1475 1398 1500 cum
1418 1461 1580 1500 mutuis

176 1535 531 1568 sacramentorum
562 1527 740 1568 vinculis
771 1527 930 1567 ibidem
961 1526 1220 1568 confederati
1251 1527 1445 1577 fuissent,
1477 1528 1578 1568 Rex

178 1595 335 1636 Comiti
363 1595 574 1635 auxilium
599 1609 726 1648 super
753 1594 1052 1648 conquirendis
1084 1601 1229 1634 contra
1260 1601 1423 1648 patrem
1455 1595 1577 1635 terris

175 1663 259 1703 illis
276 1661 565 1702 transmarinis
584 1661 748 1716 pepigit
768 1661 993 1715 sponsione
1013 1677 1021 1710 3
1041 1661 1153 1700 unde
1175 1661 1451 1701 inexorabilis
1474 1669 1575 1702 tunc

177 1737 269 1770 orta
290 1736 354 1770 est
375 1729 595 1778 discordia,
616 1736 659 1769 et
676 1736 762 1769 tam
784 1728 1062 1782 implacabilis
1094 1734 1209 1768 mota
1240 1728 1455 1777 dissensio,
1477 1744 1574 1782 quae

176 1797 287 1851 patri
318 1811 452 1850 usque
487 1796 540 1836 ad
567 1802 807 1836 extremum
843 1795 954 1835 diem
989 1794 1237 1834 confusione
1276 1794 1451 1848 plenum
1491 1810 1577 1835 non

179 1860 371 1893 cessaret.

235 1920 390 1959 Nonne
421 1919 555 1973 igitur
583 1918 692 1958 illud
722 1918 963 1959 Ezechielis
994 1919 1046 1958 ad
1082 1926 1269 1959 montem
1303 1918 1397 1958 Seir
1427 1934 1451 1958 a
1482 1919 1576 1959 Deo

179 1987 406 2035 desertum,
439 1985 642 2040 quoniam
681 1992 724 2025 et
759 1992 855 2025 ante
889 1985 1031 2025 Deum
1068 1986 1323 2034 deseruerat,
1357 1985 1455 2026 huic
1493 2001 1577 2026 non

176 2054 406 2107 incongrue
427 2052 616 2106 adaptari
636 2058 779 2106 potest
796 2054 811 2092 ἲ
870 2051 1109 2092 Eoetendam
1123 2067 1285 2092 manum
1306 2067 1434 2092 meam
1454 2068 1578 2106 saper

179 2127 230 2170 te,
250 2126 287 2160 et
304 2120 406 2160 dabo
429 2126 467 2159 te
488 2119 711 2159 desolatum
734 2125 858 2173 atque
891 2119 1105 2160 desertum.
1176 2119 1302 2159 Urbes
1333 2126 1425 2160 tuas
1447 2120 1578 2160 demo-

178 2188 275 2237 liar,
299 2193 338 2226 et
360 2193 402 2227 tu
435 2187 616 2226 desertus
638 2187 733 2235 eris,
760 2192 799 2225 et
828 2187 932 2226 scies
954 2187 1061 2240 quod
1080 2201 1150 2240 eqo
1171 2187 1386 2235 Dominus,
1410 2202 1452 2226 eo
1475 2187 1581 2240 quod

167 2257 307 2308 fueris
326 2256 514 2294 inimicus
534 2255 816 2307 sempiternus.
879 2254 1083 2306 Sanyuini
1106 2254 1263 2293 tradem
1287 2260 1338 2302 te,
1358 2260 1397 2293 et
1411 2256 1578 2308 sanquis

181 2329 219 2362 te
233 2327 520 2375 persequetur,
543 2326 582 2361 et
603 2335 691 2360 cum
706 2322 945 2374 sanquinem
958 2320 1104 2370 oderis,
1127 2321 1293 2374 sanquis
1306 2327 1580 2374 persequetur

183 2395 234 2428 te.

238 2455 350 2495 Ecce
391 2454 574 2509 qualiter
622 2454 875 2508 obsequium
916 2454 1050 2494 crucis
1093 2455 1274 2508 peccatis
1327 2455 1579 2508 urgentibus

142 2557 144 2561 .
182 2524 434 2563 evacuatur!
477 2522 588 2562 Ecce
621 2522 978 2575 quemadmodum
1009 2521 1190 2575 signatio
1217 2522 1457 2576 principum
1494 2529 1579 2562 tam

181 2590 362 2630 solennis
397 2589 533 2629 inanis
563 2589 746 2629 efficitur
781 2596 825 2629 et
847 2589 1134 2643 opprobriosa,
1157 2590 1257 2629 dum
1279 2590 1385 2630 tanti
1407 2597 1579 2643 tamque

228 2701 235 2719 ¹
265 2700 481 2745 Colloquium
511 2699 662 2744 intellige
685 2700 727 2733 ad
754 2700 845 2732 Bon·
914 2711 1032 2733 mense
1063 2699 1264 2743 Novembri,
1307 2700 1339 2732 in
1377 2700 1503 2732 octavis
1544 2700 1577 2732 S.

180 2746 345 2780 molinum
373 2746 630 2791 (Bonmoulins)
661 2757 714 2779 an.
745 2748 843 2787 1188,
914 2745 1053 2778 Martini
1073 2746 1239 2778 habitum.
1290 2746 1398 2789 Bouq.
