1908 3135
201 201 351 261 APP”.]
518 217 582 248 DE
616 217 966 249 INSTRUCTIONE
1002 217 1282 249 PRINCIPUM.
1510 210 1589 248 185

202 322 349 365 tracta,
390 322 528 356 totum
569 315 681 356 Infici
724 323 767 356 et
806 316 970 356 modico
1013 316 1131 369 quasi
1172 316 1380 355 fermento
1420 331 1593 356 massam

204 383 432 437 eorrumpi,
469 398 719 437 semperque
753 383 795 422 in
837 383 1064 423 elationem
1095 382 1260 430 extolli,
1294 397 1397 435 gens
1428 383 1596 423 inimica

204 450 425 504 conjectat.
489 449 615 489 Unde
648 456 691 489 et
719 449 917 502 quoniam
950 449 1060 489 inter
1092 449 1256 503 Anglos
1287 449 1354 501 (ut
1393 450 1596 503 diximus)

203 523 347 556 nostra
378 523 464 556 tam
501 531 666 556 morum
705 515 919 556 institutio
957 516 1109 565 fuerat,
1152 531 1279 569 quam
1310 518 1597 567 conversati03

202 583 247 623 in
271 583 466 623 Cambria
486 597 583 622 vero
604 582 719 622 natio
741 588 909 635 reperta
930 590 993 622 cst
1014 589 1057 622 et
1087 583 1279 636 cognatio
1302 599 1312 632 ;
1335 591 1599 637 compactum

206 656 269 690 est
282 665 338 690 ex
350 649 416 688 his
435 654 477 688 et
490 647 743 689 confectum.
762 655 812 688 ut
824 655 1006 702 uterque
1022 649 1207 702 populus
1219 664 1284 688 me
1299 649 1378 689 sibi
1400 657 1600 703 tanquam

205 716 391 756 alienum
423 722 637 770 reputans,
661 721 704 755 et
731 730 815 755 non
852 730 989 765 suum,
1022 731 1186 770 semper
1214 716 1336 756 oculo
1366 717 1602 770 respexerit

205 782 428 823 novercali.
511 782 638 823 Alter
678 783 731 823 ob
776 782 855 823 hoe
907 790 1150 837 suspectum
1202 783 1374 832 habens,
1416 790 1458 824 et
1497 783 1602 824 alter

207 864 399 890 exosum.

264 916 458 957 Accessit
480 924 523 957 et
543 917 660 958 aliud
679 918 790 958 inter
810 917 1088 966 incommoda,
1112 918 1226 971 quod
1247 918 1280 958 si
1313 918 1417 972 quid
1437 933 1460 958 a
1480 918 1601 958 nobis

210 984 378 1038 egregie
410 984 572 1024 dictum
592 985 657 1024 vel
686 991 853 1038 gestum
873 985 1018 1033 fuerit,
1040 985 1182 1024 statim
1205 986 1344 1038 quoad
1365 985 1499 1034 licuit,
1528 991 1602 1024 aut

207 1050 316 1090 illud
336 1050 495 1090 invidia
516 1051 763 1105 suppressit,
795 1058 870 1091 aut
899 1051 1059 1092 malitia
1088 1053 1367 1105 pervertendo
1398 1051 1600 1104 corrupit,

205 1117 249 1156 in
270 1117 514 1172 hujusmodi
534 1118 663 1158 verba
682 1118 934 1172 plerumque
955 1132 1232 1172 prorumpens
1253 1135 1261 1159 :
1296 1122 1323 1140 “
1342 1118 1385 1158 A
1407 1117 1602 1158 Cambria

203 1190 399 1237 potestne
419 1184 583 1237 aliquid
601 1185 704 1224 boni
726 1199 814 1224 esse
828 1184 871 1223 ‘3⁹’
952 1183 1029 1224 Sin
1049 1192 1189 1225 autem
1212 1184 1424 1237 (humanis
1444 1191 1493 1224 ut
1513 1198 1602 1223 mos

205 1258 269 1290 est
290 1250 551 1304 excessibus)
582 1258 657 1290 aut
683 1266 758 1305 pes
778 1266 802 1290 a
821 1250 934 1290 linea
966 1252 1222 1304 quandoque
1252 1251 1453 1301 titubare,
1485 1259 1559 1291 aut
1579 1266 1603 1290 a

203 1316 346 1356 littera
366 1316 432 1356 vel
453 1316 613 1370 syllaba
642 1317 790 1356 cadere
816 1316 963 1370 lingua
990 1317 1226 1367 videbatur,
1253 1318 1297 1357 in
1328 1317 1475 1357 mediis
1498 1332 1600 1370 quo-

203 1398 287 1437 que
327 1389 370 1423 et
413 1382 768 1432 indifferentibus,
809 1397 886 1423 nec
921 1383 1046 1423 laude
1084 1383 1222 1437 dignis
1259 1398 1335 1424 nec
1374 1383 1599 1437 vituperio,

203 1449 347 1490 statim
377 1449 544 1490 hostilis
574 1449 711 1490 irrisio
742 1464 838 1489 cum
869 1449 1177 1490 exclamatione
1211 1450 1418 1490 Cambriae
1449 1451 1601 1490 vitium

206 1516 493 1570 exprobravit,
526 1523 729 1570 tanquam
758 1516 909 1570 patriae
942 1524 1119 1570 cognata
1148 1516 1281 1557 fuerit
1302 1517 1527 1557 enormitas
1558 1524 1601 1557 et

205 1583 364 1623 innata.

263 1649 378 1689 Mihi
398 1663 497 1689 vero
527 1649 664 1690 visum
692 1656 756 1690 est
778 1656 821 1689 et
849 1649 1090 1690 indubitata
1120 1650 1296 1690 veritate
1324 1658 1601 1704 compertum,

207 1716 323 1770 quod
362 1716 471 1756 sicut
509 1716 735 1757 nonnullos
774 1716 892 1770 regio
932 1717 1165 1771 composita
1202 1717 1333 1756 malos
1370 1717 1520 1757 educat
1559 1723 1602 1757 et

204 1783 521 1837 incompositOS,
554 1783 611 1823 sic
638 1783 822 1836 aliquem
852 1783 1065 1823 interdum
1095 1783 1212 1836 regio
1238 1784 1414 1823 barbara
1445 1784 1602 1823 bonum

206 1851 438 1905 producere
461 1851 593 1904 possit
623 1857 667 1890 et
698 1850 926 1891 eruditum.
989 1850 1105 1892 Quia
1134 1865 1217 1889 non
1246 1856 1331 1890 tam
1360 1850 1477 1891 locus
1508 1865 1600 1905 per-

207 1932 365 1968 sonam,
389 1931 515 1971 quam
536 1932 714 1972 persona
734 1916 958 1957 laudabilis
978 1917 1118 1956 locum
1139 1916 1336 1957 illustrat.

866 2138 954 2180 III.

438 2238 778 2281 EXCERPTA
810 2238 899 2278 EX
932 2237 1124 2277 LIBRO
1158 2236 1371 2277 PRIMO.

661 2338 729 2377 De
744 2337 953 2390 principis
962 2337 1149 2389 justitia.
1162 2339 1172 2359 ¹

265 2437 570 2477 LAUDABILEM
603 2435 647 2474 in
674 2435 933 2475 Francorum
963 2448 1092 2487 regno
1120 2433 1299 2473 vidimus
1330 2433 1599 2473 eonsuetudi-

206 2518 317 2553 nem,
339 2510 382 2543 et
402 2518 426 2542 a
446 2517 543 2542 vero
565 2501 821 2542 naturalium
842 2501 1080 2554 principum
1102 2499 1272 2553 pietatis
1293 2499 1408 2540 fonte
1430 2515 1599 2540 manan-

1618 2438 1674 2461 The
1688 2440 1795 2462 ancient

1618 2470 1696 2494 mods·
1709 2471 1738 2494 of
1748 2471 1794 2494 ad-

1618 2503 1788 2534 ministr-ring

1613 2535 1711 2566 justice
1724 2536 1750 2560 in

205 2579 305 2611 tem.
340 2569 539 2624 Inprimis
570 2582 752 2621 namque
784 2567 1028 2607 facinorosis
1049 2567 1337 2620 quorumlibet
1358 2568 1599 2608 excessibus
1619 2569 1728 2593 ‘'¹³⁰⁰‘'-

207 2637 304 2690 (nisi
337 2637 467 2677 nimia
501 2636 610 2676 forte
648 2635 811 2676 fuerint
838 2634 1059 2674 atrocitate
1090 2634 1320 2683 notabiles3
1354 2641 1453 2674 tunc
1487 2634 1597 2674 enim

826 2715 834 2733 ¹
858 2714 897 2758 [f.
917 2714 988 2758 65.]
