1908 3135
488 227 550 257 DE
585 225 938 258 INSTRUCTIONE
974 225 1255 257 PRINCIPUM.
1489 219 1564 258 129

170 325 244 378 qui
276 326 406 380 spirat
438 326 511 366 ubi
532 325 636 374 vult,
671 334 714 366 et
742 326 866 365 corda
897 325 1087 365 omnium
1118 324 1294 365 inclinat
1318 339 1403 378 quo
1434 324 1566 364 vult.''

172 392 282 432 Nam
315 393 525 447 principes
560 393 668 433 tanti
708 407 793 432 non
833 393 969 433 inanis
1005 392 1150 445 gloriae
1185 391 1379 446 appetitu
1418 391 1564 439 illecti,

169 474 249 498 11011
273 460 436 500 inducti
458 460 609 514 pretio,
632 475 717 500 non
737 460 933 514 precibus
954 459 1145 508 excitati,
1169 459 1241 499 sed
1263 459 1351 498 solo
1370 473 1564 512 supernae

167 527 460 567 retributionis
500 527 707 567 desiderio
746 541 822 580 per
862 526 1005 566 Deum
1042 534 1084 566 et
1121 532 1294 579 propter
1335 525 1477 566 Deum
1515 526 1566 565 ad

169 594 363 634 militiam
384 594 687 647 accinguntur,'
710 602 788 634 etc.
850 593 1094 646 Antiquum
1114 593 1221 633 illud
1242 600 1285 633 et
1304 592 1566 633 inexorabile

171 661 315 700 odium
349 661 462 714 quod
503 668 648 701 contra
681 660 857 701 Latinos
890 659 1034 700 Graeci
1067 660 1228 700 dudum
1269 668 1564 713 conceperant,

170 735 298 768 tenax
338 728 544 768 successio
584 735 824 782 temporum
864 727 1095 767 transfudit
1131 727 1174 767 in
1215 734 1419 781 posteros,
1483 727 1567 767 Sed

171 794 204 834 si
246 795 439 835 odiorum
478 795 611 835 fomes
650 803 693 836 et
738 795 845 835 ratio
887 794 1109 848 quaeritur,
1151 809 1236 834 non
1268 802 1378 835 esset
1416 794 1565 834 vitium

173 862 206 901 si
242 877 326 902 non
358 862 519 903 ratione
555 872 738 912 careret3
770 863 849 902 hoc
883 871 1023 902 tamen
1061 877 1138 916 pro
1174 877 1297 902 causa
1331 869 1570 902 constanter

174 929 373 969 inducere
412 944 649 983 possumus,
692 930 807 983 quod
847 944 943 969 cum
985 929 1128 969 Latini
1170 929 1381 969 sententia
1416 930 1573 983 pariter

177 1003 220 1035 et
250 997 374 1036 armis
404 997 594 1046 floreant,
616 997 679 1036 illi
712 1012 754 1037 se
786 1011 958 1052 prorsus
992 996 1146 1036 inscios
1182 1004 1225 1036 et
1252 996 1444 1036 imbelles
1476 1012 1574 1036 con-

177 1064 374 1118 spiciunt,
408 1072 451 1104 et
480 1064 576 1104 hinc
613 1064 700 1104 odii
734 1072 903 1118 sumpto
933 1064 1081 1104 fomite
1113 1063 1260 1104 alienis
1290 1063 1413 1104 bonis
1443 1064 1575 1104 invidi

119 1130 123 1133 ’
177 1132 491 1171 contabescunt.
555 1131 673 1171 Gens
702 1131 876 1185 perfida,
898 1130 1116 1184 generatio
1136 1146 1319 1185 nequam
1341 1139 1384 1171 et
1406 1131 1577 1171 omnino

179 1197 448 1251 degenerans,
482 1214 580 1252 quae
622 1206 781 1252 quanto
822 1198 1027 1238 illustrior
1067 1198 1229 1248 extitit,
1268 1204 1385 1238 tanto
1417 1198 1580 1238 vilescit

179 1264 397 1318 insignius,
436 1280 531 1305 cum
568 1280 718 1305 aurum
756 1265 799 1304 in
839 1265 1015 1304 scoriam
1056 1264 1283 1314 transierit,
1317 1279 1495 1317 granum
1536 1265 1580 1304 in

178 1331 354 1385 paleam,
378 1333 539 1386 puritas
571 1332 616 1372 in
644 1333 807 1381 faecem,
829 1331 963 1385 gloria
994 1331 1037 1372 in
1065 1331 1372 1372 confusionem.
1437 1331 1581 1372 Multa

182 1399 300 1439 Graii
335 1407 497 1439 veteres
538 1407 581 1440 et
619 1399 744 1440 armis
783 1399 968 1453 aggressi
1005 1406 1048 1440 et
1085 1399 1236 1440 studiis
1275 1399 1471 1449 assecuti,
1509 1399 1581 1439 sed

180 1465 314 1505 omnis
344 1466 414 1506 ille
436 1466 644 1507 virtutum
672 1467 811 1507 fervor
842 1466 1013 1506 refrixit
1033 1466 1077 1506 in
1097 1466 1277 1520 posteris
1298 1473 1341 1506 et
1370 1466 1412 1506 in
1435 1467 1581 1507 orbem

181 1531 384 1573 Latinum
424 1534 645 1588 migravit3
687 1543 737 1574 ut
778 1534 851 1587 qui
883 1541 980 1574 ante
1020 1534 1173 1582 fontes,
1206 1549 1319 1574 nunc
1359 1534 1486 1574 rivuli
1516 1535 1582 1574 vel

180 1601 324 1654 potius
346 1601 453 1641 alvei
474 1609 638 1642 arentes
660 1610 703 1642 et
724 1602 936 1642 exhausti.
998 1601 1224 1642 Virtutum
1255 1601 1467 1655 siquidem
1489 1617 1583 1642 suc-

179 1683 316 1708 cessor
332 1668 488 1718 nullus,
509 1669 713 1709 scelerum
733 1669 881 1718 omnis,
900 1684 996 1709 nam
1020 1668 1189 1708 Sinonis
1203 1668 1418 1722 figmenta,
1438 1669 1582 1709 Ulixis

182 1735 402 1784 fallaciam,
444 1736 568 1776 Atrei
600 1737 880 1785 atrocitatem,
921 1736 1122 1776 retinent.
1185 1735 1316 1777 Quod
1357 1736 1390 1775 si
1433 1736 1577 1776 Graeci

180 1802 332 1842 militia
359 1804 580 1856 quaeritur,
604 1812 693 1844 arte
725 1819 810 1844 non
835 1804 959 1844 armis
991 1804 1184 1851 dimicat3
1218 1804 1252 1843 si
1283 1804 1401 1853 fides,
1425 1804 1583 1843 amicus

181 1870 316 1919 obest,
337 1870 533 1911 inimicus
555 1872 700 1911 obesse
722 1886 807 1911 non
828 1878 986 1924 potest.
1049 1870 1168 1910 Gens
1188 1870 1269 1910 ista
1290 1885 1385 1910 cum
1416 1870 1460 1909 in
1480 1870 1581 1910 locis

180 1937 430 1990 supradictis
480 1947 720 1978 nostrorum
761 1939 985 1978 transitum
1021 1938 1224 1991 impedire
1267 1952 1352 1976 non
1392 1944 1580 1991 possent,

182 2004 296 2057 quod
331 2005 473 2058 potuit
508 2005 622 2046 fecit.
697 2005 876 2057 Indigne
914 2005 1055 2045 cuncti
1088 2004 1139 2044 ad
1172 2012 1372 2044 montana
1409 2012 1580 2044 conten-

179 2071 300 2120 dunt,
342 2071 553 2112 venalium
593 2072 741 2112 solatia
781 2072 1051 2120 subtrahunt,
1105 2071 1211 2111 lares
1258 2085 1421 2119 vacua&
1464 2071 1578 2111 omni

177 2146 315 2178 amota
336 2139 603 2192 supellectili,
625 2139 813 2179 venturis
833 2139 1097 2192 relinquunt.

180 2253 394 2297 stantinople‚
414 2264 482 2285 was
500 2252 655 2286 followed
673 2253 718 2297 by
742 2263 841 2284 scien
910 2252 1025 2296 Ampl.
1057 2251 1144 2285 Coll.
1165 2264 1195 2285 v.
1220 2264 1251 2297 p.
1277 2254 1356 2287 573.
1407 2254 1470 2286 See
1500 2254 1570 2287 also

180 2298 317 2343 bishops
332 2299 544 2342 (antistites)
557 2310 619 2331 one
631 2298 841 2342 alchbishop,
910 2298 1050 2341 Geoffry
1075 2298 1115 2330 de
1140 2298 1318 2342 Vinesauf,
1345 2311 1377 2343 p.
1401 2301 1479 2341 257,
1506 2299 1571 2332 and

180 2351 245 2376 two
274 2344 390 2385 dukes,
414 2344 571 2377 nineteen
601 2350 732 2385 counts,
750 2343 843 2376 three
909 2343 975 2376 this
994 2343 1095 2385 work,
1114 2343 1169 2377 ch.
1188 2345 1262 2377 xxi.

180 2390 376 2434 marquiseS,
395 2390 488 2423 three
514 2389 681 2423 thousand
706 2389 784 2433 knig³
777 2389 843 2421 hts
957 2390 964 2407 ¹
993 2389 1162 2423 Caesarem
1214 2417 1220 2423 .
1272 2417 1279 2424 .
1327 2390 1572 2434 accingu11t111·;

182 2436 352 2480 (milites),
376 2436 441 2468 and
468 2436 569 2469 about
603 2435 718 2479 eighty
745 2434 843 2468 thou·
906 2435 993 2468 from
1022 2435 1072 2468 De
1101 2435 1278 2478 Vinesauf,
1309 2448 1340 2480 p.
1371 2437 1448 2470 260.
1500 2436 1572 2469 The

181 2482 264 2514 sand
321 2482 358 2514 of
410 2494 429 2515 a
486 2482 601 2515 mixed
635 2463 843 2515 ξ3111111ῖ1111ἀρ.
909 2488 976 2514 rest
1007 2481 1044 2513 of
1079 2480 1135 2514 the
1165 2481 1303 2526 chapter
1343 2483 1370 2515 is
1412 2482 1572 2526 abrirlged

183 2527 306 2561 Chron
343 2528 455 2562 Terrae
496 2528 637 2569 Sanct„
677 2527 843 2567 Martem,
909 2527 994 2560 from
1012 2527 1069 2560 the
1087 2538 1179 2561 same
1197 2528 1326 2569 author,
1346 2540 1378 2573 p.
1399 2530 1476 2561 261.
