1908 3135
501 208 563 239 DE
594 205 945 239 INSTRUCTIONE
980 206 1261 240 PRINCIPUM.
1495 201 1575 242 147

232 306 343 348 Item
374 308 476 349 facit
507 308 559 348 ad
594 308 686 348 haec
715 307 842 348 etiam
871 307 1181 348 evidentissime
1218 307 1331 361 quod
1363 307 1406 347 in
1445 308 1575 362 Regis

174 375 363 428 ejusdem
416 375 631 429 regnantis
681 375 820 425 initio,
868 381 988 430 patre
1033 374 1277 415 felicissimo
1322 375 1411 429 jam
1450 376 1576 416 rebus

176 441 369 482 humanis
399 448 615 497 exempto,
649 450 692 483 et
725 443 817 497 ipso
851 442 1166 482 adolescentulo
1198 441 1333 481 adhuc
1366 441 1575 483 existente

178 508 347 558 tenello,
369 525 464 549 cum
499 510 734 550 exercitum
768 509 958 550 Franciae
996 509 1110 563 apud
1146 509 1295 549 urbem
1318 508 1577 551 Ambiancn—

177 591 264 616 sem
304 577 345 616 in
381 576 589 617 Comitem
624 577 834 617 Flandriae
874 576 1123 631 Philippum
1159 576 1465 626 coadunasset,l
1502 578 1574 631 qui

177 643 467 684 Viromanniae
489 644 749 693 comitatum,
768 643 992 684 Comitissa
1013 650 1056 684 et
1075 644 1229 684 herede
1253 643 1430 684 Comitis
1451 660 1575 698 spon-

176 725 233 760 sa,
249 711 407 764 absque
429 711 572 751 liberis
593 718 637 751 et
654 711 808 751 herede
830 712 1043 761 defuncta,
1061 711 1250 751 detinere
1271 712 1575 765 pi·aesu1npsit,²

176 779 378 819 consertis
390 779 550 819 viribus
565 785 607 820 et
624 779 676 819 ad
690 779 1047 833 congrediendum
1067 778 1279 818 hostiliter
1294 779 1383 833 jam
1403 779 1572 832 paratis,

175 846 353 886 barones
375 846 409 886 F
411 846 565 886 ranciae
597 847 776 887 scientes
801 847 930 901 juxta
952 845 1115 886 Comici
1143 845 1412 895 sententiam,
1435 847 1575 886 omnia

175 913 423 966 priusquam
461 927 575 953 arma
618 913 796 967 sapienti
835 913 1050 962 tentanda,
1092 913 1143 952 de
1193 927 1297 967 pace
1346 919 1573 953 tractatum

177 980 419 1020 habendum
439 980 718 1021 communiter
739 986 1007 1021 censuerunt.
1068 979 1205 1020 Erant
1236 979 1395 1034 quippe
1428 995 1574 1034 quam-

175 1047 346 1101 plurimi
376 1047 443 1088 vel
473 1063 596 1102 prece
617 1048 682 1088 vel
712 1047 851 1102 pretio
869 1047 936 1088 vel
967 1046 1191 1087 dilectione
1223 1062 1297 1087 seu
1324 1047 1574 1101 cognatione

124 1134 128 1136 ·
179 1114 356 1155 Comitis
390 1116 513 1169 parti,
543 1116 617 1169 qui
647 1115 711 1156 vir
744 1122 834 1156 erat
859 1115 1010 1155 virium
1043 1129 1288 1168 magnarum
1319 1114 1573 1169 grandisque

175 1182 382 1236 potentiae
397 1183 536 1232 nimis,
559 1183 745 1224 fautores
766 1183 1011 1223 existentes.

235 1248 343 1289 Cum
378 1250 510 1303 igitur
542 1264 669 1304 super
702 1250 782 1290 1100
817 1250 1035 1290 tractando
1071 1256 1286 1303 magnates
1312 1250 1401 1304 jam
1433 1264 1576 1289 conse-

176 1315 347 1366 dissent,
381 1316 502 1371 Rege
542 1332 730 1358 seorsum
760 1316 930 1357 interim
958 1331 1186 1370 parumper
1217 1323 1373 1366 amoto,
1403 1316 1577 1356 sedebat

176 1383 266 1438 ipse
285 1383 444 1438 virgam
467 1385 517 1425 de
539 1384 682 1425 corulo
703 1384 826 1425 viridi
847 1399 975 1424 manu
997 1390 1157 1432 tenens,
1181 1398 1357 1437 eamque
1376 1383 1577 1423 dentibus

174 1452 341 1501 rodens,
378 1459 421 1492 et
460 1452 612 1492 acriter
651 1452 843 1506 undique
877 1451 1230 1505 circumspiciens.
1308 1450 1438 1493 Quod
1481 1465 1576 1490 cum

175 1522 352 1562 barones
373 1523 707 1577 conspexissent,
728 1529 972 1576 statumque
989 1521 1158 1576 juvenis
1188 1520 1303 1560 illius
1335 1527 1379 1560 et
1407 1528 1576 1574 gestum

174 1588 218 1628 in
256 1589 336 1630 hoc
376 1590 553 1630 articulo
593 1605 689 1630 cum
726 1589 1002 1630 admiratione
1042 1594 1272 1636 notassent,
1314 1587 1426 1628 dixit
1464 1602 1575 1628 unus

175 1671 321 1697 eorum
343 1658 458 1711 quod
478 1673 637 1711 equum
657 1658 817 1698 bonum
851 1657 914 1697 illi
936 1657 1067 1705 daret,
1092 1656 1166 1710 qui
1194 1655 1427 1709 cogitatum
1458 1655 1574 1708 prin-

175 1724 279 1777 cipis
317 1724 355 1764 ei
390 1725 607 1766 revelaret.
670 1724 801 1767 Quod
832 1725 1007 1765 audiens
1042 1724 1201 1764 lecator
1236 1722 1409 1776 quidam
1430 1722 1574 1762 statim

175 1791 351 1831 exiliens
387 1792 438 1832 ad
480 1792 646 1846 Regem
683 1792 857 1833 accessit
895 1806 1046 1845 rogans
1088 1798 1130 1831 et
1169 1796 1332 1845 petenS,
1374 1789 1572 1843 quatinus

174 1858 327 1899 mentis
354 1874 442 1899 suae
464 1866 716 1914 conceptum
747 1859 988 1913 aperiendo,
1012 1872 1170 1912 equum
1205 1857 1284 1897 sub
1316 1856 1390 1896 tali
1427 1862 1572 1896 tenore

174 1926 427 1979 promissum
462 1926 543 1967 sibi
580 1933 782 1980 tanquam
815 1941 871 1966 ex
907 1926 1016 1966 dono
1051 1940 1126 1965 suo
1159 1924 1306 1964 datum
1347 1923 1571 1964 conferret.

176 1992 276 2033 Rex
327 2001 469 2034 autem
527 1994 604 2044 illi,
654 2008 781 2048 quem
834 2008 919 2033 non
968 1992 1163 2046 ignotum
1213 1990 1410 2039 habebat,
1459 1991 1574 2031 illico

174 2060 329 2101 mentis
350 2076 498 2101 arcana
518 2061 576 2102 sic
597 2061 765 2116 aperuit
782 2077 791 2101 :
825 2064 853 2082 “
866 2060 1103 2102 Volvebam
1122 2058 1243 2108 hoc,”
1264 2057 1421 2112 inquit,
1445 2060 1472 2079 “
1486 2058 1576 2098 ani-

174 2143 258 2177 mo,
280 2136 425 2168 utrum
446 2129 534 2169 11110
554 2144 742 2182 unquam
773 2135 964 2182 tempore
984 2126 1105 2176 mihi,
1125 2125 1191 2167 vel
1222 2125 1293 2166 alii
1316 2124 1575 2165 Francorum

176 2195 303 2249 Regi,
336 2196 457 2236 Deus
492 2196 598 2237 hanc
629 2197 808 2251 gratiam
851 2196 948 2236 dare
985 2195 1196 2248 dignetur,
1233 2193 1347 2246 quod
1384 2192 1571 2233 Franciae

173 2277 351 2315 regumn
396 2263 441 2302 in
496 2269 652 2303 statum
693 2263 918 2317 pristinum
970 2275 1146 2313 eamque
1186 2259 1480 2299 celsitudinem
1529 2267 1573 2298 et

174 2329 498 2383 amplitudinem
530 2345 655 2384 quam
687 2338 875 2383 tempore
918 2327 1057 2368 Caroli
1099 2326 1309 2380 quondam
1350 2325 1570 2375 habuerat,

173 2395 401 2436 reformare
443 2396 612 2451 queat.”
674 2396 774 2438 Quo
815 2395 942 2436 verbo
981 2393 1114 2447 Regis
1152 2392 1381 2433 baronibus
1422 2393 1568 2442 relato,

175 2470 219 2503 et
239 2463 433 2517 protinus
455 2478 565 2517 equo
595 2465 724 2518 juxta
750 2462 1069 2517 promissionem
1091 2460 1203 2509 dato,
1227 2459 1372 2500 statim
1403 2460 1447 2499 in
1480 2459 1572 2500 haec

174 2529 302 2570 verba
324 2530 603 2571 communiter
634 2544 779 2570 omnes
807 2534 1096 2584 proruperunt
1116 2544 1124 2568 ε
1160 2530 1185 2548 “
1205 2526 1358 2566 Pereat
1379 2541 1478 2579 ergo
1498 2527 1572 2580 qui

177 2597 251 2637 tali
277 2597 474 2652 principi,
497 2604 540 2638 et
565 2605 651 2638 tam
681 2596 947 2652 magnanimo
981 2596 1030 2636 ad
1064 2593 1296 2636 revocanda
1315 2593 1434 2648 regni
1459 2594 1571 2648 jura,

176 2663 527 2718 impedimentum
560 2664 750 2718 opponit,
813 2663 1047 2717 Nunquam
1067 2662 1132 2701 his
1161 2668 1235 2701 aut
1257 2661 1349 2700 aliis
1379 2660 1574 2714 juribus³

226 2757 232 2775 ¹
260 2757 327 2791 An.
348 2760 448 2791 1185.
545 2757 556 2775 ²
581 2758 643 2790 Sec
660 2769 692 2801 p.
713 2760 766 2789 88.
836 2756 842 2800 1
913 2756 925 2774 ²
953 2755 1017 2788 His
1033 2761 1140 2789 autem
1159 2754 1232 2788 aliis
1250 2766 1401 2798 unquam,
1415 2753 1506 2831 ZMS.

1371 2812 1387 2832 L
1416 2810 1423 2816 .
