1908 3135
355 266 437 306 198
764 278 1005 311 GIRALDUS
1041 277 1342 311 CAMBRENSIS
1605 264 1750 328 [ΑΡΡΧ.

354 374 558 415 visionem
580 381 807 418 ostensum.
868 377 1110 419 Videbatur
1142 378 1255 419 enim
1290 378 1370 418 sibi
1389 378 1544 428 videre,
1568 379 1753 419 collectis

354 441 400 481 in
434 443 662 496 praesentia
693 459 769 484 sua
803 450 887 484 tam
924 444 1164 499 Anglorum
1198 445 1319 499 Rege
1357 460 1485 499 quam
1523 446 1752 486 baronibus

355 509 475 563 regni
496 510 531 550 F
533 510 686 550 ranciae
707 512 937 565 majoribus
960 513 1136 562 cunctis,
1158 513 1295 553 filium
1317 520 1360 554 et
1388 513 1601 553 haeredem
1629 528 1752 553 suum

358 575 606 630 Philippum
641 579 939 631 procedentem
978 579 1023 619 in
1059 580 1261 630 medium,
1305 587 1347 621 et
1396 580 1626 620 baronibus
1674 574 1751 634 per

359 643 563 693 ordinem,
579 643 653 697 qui
669 645 769 699 jura
789 660 956 686 coronae
988 661 1077 686 suae
1111 646 1373 696 detinebant,
1395 646 1629 687 humanum
1661 662 1753 687 san-

357 710 531 763 guinem
570 711 613 751 in
662 712 819 766 scypho
869 727 996 752 aureo
1037 713 1349 767 propinantem,
1390 713 1753 768 incipientemque

358 792 382 817 a
427 778 558 831 stirpe
596 785 799 827 materna,
853 779 1126 819 Blesensibus
1177 780 1336 821 scilicet
1382 780 1605 821 avunculis
1650 781 1750 830 suiS,

360 851 403 884 et
435 844 556 885 Duce
594 845 875 899 Burgundiae,
921 861 1088 886 necnon
1123 853 1164 887 et
1200 854 1332 887 matre
1372 848 1543 902 propria
1578 848 1753 888 Blesen-

361 911 467 951 sium
504 926 657 961 sorore,
695 918 740 952 et
787 912 844 952 sic
887 927 963 966 per
1003 912 1213 953 Comitem
1249 913 1462 954 Flandriae
1504 913 1753 968 Philippum

359 986 667 1032 consequenter
700 980 971 1028 transeundo,
1008 980 1211 1033 poculum
1248 995 1384 1034 usque
1419 981 1471 1020 ad
1513 980 1753 1035 Anglorum

360 1046 544 1100 denique
578 1046 744 1099 Regem
773 1046 1011 1087 Henricum
1037 1047 1371 1100 producentem.¹
1433 1047 1547 1088 Mira
1583 1047 1755 1101 quidem

359 1113 477 1163 visio,
500 1113 699 1167 quoniam
722 1114 870 1154 eodem
891 1114 1037 1154 ordine
1060 1129 1144 1167 quo
1164 1114 1278 1155 visus
1300 1122 1363 1155 est
1384 1114 1443 1154 eis
1462 1121 1613 1168 potum
1634 1114 1754 1155 illum

361 1180 636 1233 sanguineum
662 1181 922 1235 propinasse,
949 1181 1151 1221 defuncto
1183 1182 1227 1222 in
1262 1182 1379 1222 brevi
1412 1189 1545 1236 patre,
1568 1182 1755 1236 singulos

362 1247 544 1288 seriatim
580 1248 743 1297 invasit,
768 1256 810 1288 et
838 1250 937 1303 jura
970 1263 1138 1289 coronae
1172 1256 1317 1290 contra
1352 1256 1417 1290 tot
1448 1256 1492 1289 et
1525 1256 1664 1290 tantos
1686 1250 1757 1290 de-

362 1322 547 1355 tentores
583 1322 670 1356 tam
709 1316 888 1357 viriliter
931 1316 1059 1357 etiam
1104 1317 1148 1357 in
1196 1323 1339 1358 tenera
1377 1324 1518 1367 aetate,
1557 1317 1756 1370 quoniam

365 1381 602 1422 Caesaribus
621 1382 755 1422 virtus
777 1383 988 1437 contingit
1008 1391 1105 1424 ante
1139 1384 1265 1433 diem,
1286 1385 1520 1434 revocavit3
1553 1392 1755 1438 tanquam

363 1448 407 1488 in
446 1449 540 1488 illos
581 1449 655 1502 qui
696 1450 767 1503 pia
806 1450 937 1504 patris
976 1451 1151 1491 lenitate
1193 1458 1235 1491 et
1274 1452 1600 1491 mansuetudine
1631 1452 1756 1492 nimis

362 1515 592 1556 insolenter
631 1522 674 1556 et
713 1516 943 1557 infideliter
980 1518 1101 1557 abusi
1146 1518 1329 1567 fuerant,
1366 1518 1480 1559 filius
1515 1534 1538 1558 a
1570 1519 1757 1559 Domino

362 1581 520 1622 vindex
553 1582 690 1632 datus,
713 1583 823 1623 sicut
844 1583 887 1623 in
916 1584 1151 1638 subscripta
1182 1585 1280 1625 libri
1313 1585 1599 1626 Distinctione
1632 1586 1757 1626 tertia

364 1649 487 1703 plane
508 1650 667 1704 poterit
684 1650 877 1691 inveniri.

422 1715 493 1756 Ad
541 1717 632 1757 haec
680 1724 821 1757 autem
874 1718 924 1758 de
978 1718 1143 1759 Comite
1201 1718 1445 1773 Campaniae
1488 1720 1757 1761 Theobaldoss

366 1783 555 1823 Blesensi
575 1783 726 1837 primo,
750 1784 884 1838 Regis
905 1784 1144 1839 Anglorum
1166 1785 1345 1826 Henrici
1376 1788 1501 1841 primi
1533 1803 1588 1828 ex
1618 1802 1757 1828 sorore

365 1858 531 1904 nepote,
555 1850 698 1904 aliqua
728 1859 962 1893 memoratu
997 1853 1123 1906 digna
1156 1853 1355 1894 dicemus.
1416 1854 1523 1895 Erat
1554 1855 1664 1896 enim
1695 1855 1758 1895 vir

365 1917 443 1957 iste
465 1917 685 1971 religiosus
706 1933 751 1958 ac
787 1919 896 1973 pius,
918 1920 961 1959 in
997 1935 1234 1974 pauperum
1258 1936 1429 1975 quoque
1451 1923 1757 1963 sustentatione

367 1985 631 2038 conspicuus,
652 1984 898 2039 dominique
919 1986 999 2036 sui,
1024 1988 1073 2028 de
1093 2002 1179 2040 quo
1211 1987 1411 2038 diximus,
1443 1989 1574 2042 Regis
1607 1989 1758 2043 optimi

369 2050 573 2091 Ludovici
608 2051 831 2092 laudabilis
865 2053 1086 2094 aemulator
1118 2054 1306 2096 effectus,
1369 2055 1454 2095 Hic
1475 2056 1586 2096 inter
1607 2063 1760 2096 caetera

368 2118 538 2170 pietatis
578 2132 704 2171 opera
742 2120 972 2173 praecipua,
1013 2120 1190 2174 leprosis
1239 2128 1363 2161 terrae
1403 2136 1492 2162 suae
1542 2123 1759 2163 caritativa

368 2184 549 2225 libenter
583 2184 806 2237 largitione
843 2186 1145 2228 subveniebat:
1194 2187 1307 2228 inter
1334 2202 1440 2242 quos
1476 2204 1609 2229 unum
1638 2196 1759 2229 extra

369 2251 620 2291 suburbium
644 2250 900 2293 Carnotense
921 2268 996 2307 per
1017 2254 1197 2307 spatium
1227 2255 1400 2308 aliquod
1421 2262 1464 2296 et
1485 2255 1761 2309 eleemosynis

369 2318 453 2357 suis
475 2318 751 2368 sustentabat,
772 2325 814 2359 et
834 2328 973 2373 partes
990 2320 1080 2360 illas
1101 2321 1324 2362 adveniens
1345 2323 1517 2376 provida
1537 2323 1759 2363 devotione

368 2384 575 2424 visitabat.
638 2384 762 2425 Unde
784 2400 879 2425 cum
899 2387 1000 2427 illuc
1032 2388 1287 2442 quandoque
1308 2389 1449 2429 venire
1481 2391 1759 2444 contingeret,

371 2466 461 2491 sero
484 2459 526 2491 et
548 2452 667 2505 quasi
688 2452 731 2491 in
754 2454 1001 2508 crepusculo
1024 2455 1280 2496 descendens
1305 2464 1354 2497 ut
1377 2471 1605 2511 pauperem
1636 2473 1759 2498 suum

420 2603 428 2621 ¹
454 2603 613 2636 (iil-aldus
630 2604 690 2636 has
714 2605 869 2649 repeated
895 2606 962 2639 this
981 2608 1028 2639 vi·
1094 2608 1146 2652 gis
1164 2608 1275 2641 extols
1300 2608 1370 2641 him
1393 2608 1427 2641 in
1452 2608 1568 2652 nearly
1585 2608 1642 2641 the
1667 2620 1760 2642 same

371 2649 443 2681 sion
470 2655 503 2681 at
528 2661 561 2693 p.
581 2652 634 2682 86.
685 2650 747 2682 See
774 2651 843 2683 also
872 2651 1028 2687 William
1096 2661 1199 2687 ternis
1210 2666 1246 2687 as
1264 2666 1324 2687 our
1337 2654 1467 2694 author,
1481 2654 1530 2686 for
1548 2654 1599 2687 his
1618 2654 1760 2700 charity,

372 2695 412 2727 de
432 2694 564 2736 Naugis
582 2695 615 2727 in
634 2706 687 2727 an.
708 2698 808 2729 1165.
1091 2701 1229 2743 justice,
1257 2700 1323 2733 and
1354 2700 1579 2733 munificence
1612 2701 1647 2733 in
1680 2712 1758 2734 con-

417 2741 430 2760 2
456 2740 629 2773 Theobald
671 2740 727 2774 the
774 2742 921 2787 Second,v
959 2756 1031 2777 sur-
1098 2747 1263 2790 structing
1279 2746 1511 2787 monasteries3
1530 2746 1550 2779 i.
1567 2748 1623 2782 21.

372 2786 490 2819 named
507 2786 562 2819 the
575 2787 690 2819 Grcat.
719 2786 872 2821 william
888 2790 925 2822 of
936 2790 1031 2823 Nan-
