1908 3135
486 238 548 270 DE
585 239 935 271 INSTRUCTIONE
971 239 1251 270 PRINCIPUM.
1517 233 1569 270 353

772 417 878 458 CAP.
914 418 973 458 X.

170 509 238 548 De
268 509 422 549 Comite
459 508 672 561 Gaufredo
694 511 788 563 jam
822 511 970 550 iterum
1003 526 1027 550 α
1052 517 1180 564 patre
1212 511 1356 561 diviso,
1385 518 1423 551 et
1458 513 1567 552 ahila

487 576 661 630 ejusdem
676 577 808 630 paulo
821 583 917 630 post
939 579 1248 632 intempestivos

226 676 301 716 AD
322 676 541 717 cumulum
559 690 729 730 quoque
743 676 980 717 vexationis
1000 677 1159 731 pariter
1175 684 1218 718 et
1236 678 1404 727 doloris,
1422 678 1566 732 paucis

168 744 438 798 postmodum
476 744 609 792 annis,
642 743 837 796 mitigato
877 743 1092 798 paulisper
1126 745 1327 798 temporis
1362 745 1567 785 beneficio

169 811 276 852 tanti
325 811 518 851 moeroris
567 810 846 860 incommodo,
898 825 994 850 eum
1030 811 1172 851 laxata
1218 827 1444 865 parumper
1484 820 1568 851 tam

169 878 467 932 inquietudine
491 893 618 933 quam
645 878 839 932 angustia
866 880 954 933 jam
976 878 1287 932 aliquantulum
1310 879 1566 932 respirasset,

169 945 388 999 (quoniam
408 947 525 987 nulla
556 947 747 1000 longaeva
779 953 842 986 est
876 953 1041 985 terrena
1064 946 1362 999 ti·a11quillitaS‚
1386 954 1429 986 et
1464 961 1568 999 quo-

167 1013 281 1053 niam
313 1028 477 1067 semper
508 1020 699 1054 extrema
730 1012 874 1067 gaudii
905 1012 1046 1052 luctus
1078 1014 1287 1066 oecupat,)
1321 1012 1567 1052 Gausredus

169 1079 404 1121 Armoricae
438 1080 672 1120 Britanniae
703 1080 852 1119 Comes
885 1079 1082 1132 inclytuS,
1107 1080 1160 1119 ob
1197 1079 1423 1119 discordias
1454 1080 1567 1118 simi-

111 1152 115 1155 ’
169 1147 267 1187 liter
295 1147 407 1187 inter
443 1147 580 1201 ipsum
620 1154 662 1187 et
702 1147 876 1187 fratrem
918 1161 1055 1194 suum,
1097 1146 1299 1186 Pictaviae
1343 1146 1566 1193 Comitem,

170 1213 416 1263 Ricardum,
449 1229 575 1268 super
608 1222 815 1254 terrarum
850 1228 1021 1253 suarum
1053 1213 1210 1253 finibus
1246 1213 1569 1266 implacabiliter

169 1288 352 1330 exortas,
390 1297 415 1321 a
444 1288 563 1335 patre
596 1282 685 1336 jam
722 1280 862 1329 tertio,
896 1280 999 1334 quia
1030 1279 1224 1333 primaevi
1254 1279 1394 1319 fratris
1428 1279 1569 1319 fautor

171 1348 387 1398 extiterat,
421 1349 472 1389 ad
510 1348 759 1402 Philippum
791 1347 999 1387 Ludoviei
1028 1346 1166 1387 filium
1193 1347 1283 1400 jam
1316 1346 1360 1385 in
1393 1345 1572 1385 Francia

171 1431 248 1470 pro
269 1423 387 1470 patre
408 1422 656 1470 regnantem
678 1430 733 1456 ex
756 1421 846 1455 toto
869 1414 1071 1454 discessit.

228 1483 338 1524 Haee
359 1483 517 1524 etenim
537 1483 677 1523 fuerat
698 1481 830 1535 Regis
852 1481 1030 1522 Hem·ici
1054 1489 1206 1521 natura
1227 1495 1433 1534 perversa,
1458 1481 1571 1533 quod

168 1566 332 1592 summo
355 1565 480 1605 opere
510 1549 734 1591 discordias
760 1549 871 1588 inter
894 1548 1003 1589 filios
1041 1548 1273 1588 suscitabat
1305 1555 1348 1587 et
1382 1548 1567 1595 fovebat,

170 1618 305 1658 solum
327 1618 408 1658 sibi
440 1631 496 1657 ex
518 1631 665 1657 eorum
697 1616 902 1656 discordia
933 1630 1077 1669 pacem
1110 1630 1280 1669 sperans
1302 1622 1344 1655 et
1367 1615 1568 1668 quietem.

172 1685 322 1726 Comes
342 1685 488 1738 itaque
507 1684 751 1724 Gaufredus
771 1684 875 1723 adeo
896 1682 1084 1737 Philippi
1106 1682 1239 1735 Regis
1261 1696 1570 1735 procerumque

171 1752 360 1793 Franeiae
383 1758 631 1792 cunctorum
651 1750 732 1789 sibi
759 1751 845 1803 jam
873 1749 1033 1789 animos
1055 1749 1274 1797 allexerat,
1298 1756 1346 1788 ut
1376 1748 1564 1788 unanimi

173 1818 363 1860 omnium
383 1824 482 1859 voto
515 1816 808 1858 seneschallus
829 1815 1019 1857 Franeiae
1050 1819 1297 1857 crearetuffl
1359 1814 1447 1857 Qui
1473 1829 1569 1854 011111

166 1994 250 2016 ance
267 1982 333 2016 and
354 1983 571 2017 amendment
589 1996 596 2025 ;
622 1995 714 2016 more
739 1983 832 2016 sti-iet

172 2030 206 2062 in
224 2030 280 2063 his
295 2030 558 2071 mortification;
583 2041 676 2063 more
699 2029 832 2062 zealous

172 2076 205 2108 in
231 2076 370 2121 making
394 2076 592 2121 reparation.
645 2076 676 2108 It
694 2087 762 2108 was
787 2074 833 2119 by

171 2121 228 2155 the
245 2122 383 2155 counsel
401 2124 439 2155 of
451 2122 508 2155 the
527 2121 657 2155 wiekcd
674 2121 757 2164 that,
772 2133 832 2153 un-

169 2168 300 2213 wisely,
329 2168 372 2201 he
400 2168 509 2201 raised
539 2167 678 2201 himself
700 2167 832 2210 against

172 2225 239 2258 you
264 2214 329 2247 and
356 2214 436 2247 bent
465 2214 519 2247 his
547 2214 634 2246 bow.
681 2213 750 2246 But
776 2212 833 2245 the

171 2259 260 2293 Lord
286 2260 368 2293 hath
394 2260 477 2293 bent
506 2259 571 2292 His
600 2259 676 2291 bow
704 2259 833 2303 against

169 2305 252 2349 him,
267 2306 333 2338 and
347 2307 355 2324 ‘
367 2305 529 2350 prepared
543 2305 599 2338 the
614 2305 833 2338 instruments

169 2351 208 2383 of
221 2351 346 2384 death!
359 2351 381 2366 '⁷

217 2397 227 2416 ¹
256 2396 491 2440 Hemingford,
510 2397 589 2430 507.

218 2442 232 2462 2
257 2443 311 2476 On
329 2442 396 2475 this
414 2454 554 2486 passage
572 2441 628 2474 the
648 2441 784 2474 Editors
803 2440 840 2473 of

170 2487 327 2533 Bouquet
345 2488 483 2521 observe
500 2500 506 2522 :
533 2489 553 2505 “
571 2487 621 2520 Eo
639 2487 769 2520 seilicet
786 2486 836 2518 inv-

171 2535 260 2567 tuitu
274 2540 311 2567 ut
325 2534 535 2567 Britanniam
551 2532 736 2566 Gaufridus
752 2532 835 2576 Regi

172 2578 379 2613 Francorum
422 2579 650 2613 clientelarem
699 2578 837 2611 faceret.

172 2626 232 2658 Ait
243 2626 333 2659 enim
343 2625 550 2659 Benedictus
560 2624 837 2668 petroburgensis

172 2677 264 2704 tomo
296 2678 410 2705 nostro
443 2671 526 2704 xvii.
558 2682 591 2716 p.
621 2671 712 2704 467:
755 2669 838 2707 Qui-

171 2718 243 2750 dam
265 2723 372 2751 autem
389 2718 535 2750 dicebant
553 2717 637 2761 qaod
659 2716 721 2760 ipse
743 2715 838 2749 Gaa-

153 2764 276 2806 fridus
292 2764 334 2796 ad
363 2763 482 2807 Regem
508 2763 655 2796 Francia:
677 2761 841 2807 prefectus

898 1987 979 2023 erat,
1009 1988 1041 2015 et
1069 1982 1188 2015 obsides
1216 1983 1245 2015 ci
1271 1983 1348 2014 dare
1378 1981 1502 2014 volebat
1531 1982 1569 2013 (1(

902 2028 1093 2070 Britannia,
1105 2034 1137 2062 ct
1150 2029 1236 2072 quod
1248 2028 1311 2072 ipsc
1327 2027 1420 2061 valde
1439 2028 1569 2071 superbe

899 2074 1023 2107 locutus
1055 2080 1128 2108 erat
1169 2086 1200 2107 se
1238 2079 1440 2107 vastaturum
1480 2073 1569 2105 Nor-

897 2122 1072 2162 manniam,
1089 2121 1185 2163 cujus
1204 2126 1342 2152 eatenus
1365 2126 1434 2152 erat
1457 2118 1568 2151 scada-

899 2167 1015 2200 torius.
1069 2166 1112 2198 Et
1131 2166 1314 2198 Gervasius
1332 2165 1566 2198 Doroberncw

899 2212 956 2255 sis,
984 2218 1117 2244 narrato
1150 2211 1306 2244 Gaufridi
1335 2211 1450 2244 obitu:
1491 2210 1568 2243 Rau

900 2257 1044 2302 Anglize,
1086 2257 1207 2301 inquit,
1251 2258 1450 2290 dominatum
1489 2257 1567 2288 Bm·-

901 2304 1021 2336 tanniae
1063 2303 1122 2335 sibi
1166 2302 1271 2335 voluit
1303 2314 1477 2339 rcvocarc;
1513 2304 1567 2333 scr]

904 2348 978 2381 Rex
1014 2348 1215 2381 Francorum
1252 2347 1425 2391 Philippus
1469 2348 1566 2390 ipsius

901 2394 1090 2438 impediebat
1112 2394 1324 2439 propasilnm.
1388 2393 1449 2425 Est
1481 2394 1564 2425 enim

904 2440 1085 2473 Britannia
1115 2440 1234 2472 IlIinor
1250 2440 1288 2471 de
1312 2440 1454 2471 dominio
1472 2440 1565 2482 regni

905 2485 1066 2528 Fraucice,
1095 2497 1189 2528 quam
1224 2485 1300 2517 Rex
1328 2484 1459 2528 Angliae
1487 2497 1549 2526 ‹sm›

900 2533 972 2564 clam
1006 2532 1098 2563 *modo
1127 2531 1360 2575 resignaverat,
1386 2542 1455 2563 cam
1482 2542 1564 2573 pra*-

898 2578 1004 2621 fictam
1043 2576 1200 2611 Comitem
1233 2576 1446 2619 Gaaliw'dam,
1475 2587 1563 2607 suam

888 2615 1048 2657 ‘videlicet
1071 2622 1196 2665 filium,
1222 2635 1286 2655 una
1315 2633 1385 2654 cam
1412 2634 1509 2654 urere
1535 2628 1563 2653 s!

1058 2669 1162 2714 Regis
1218 2668 1368 2700 Frauciae
1423 2669 1565 2700 traderet

1159 2714 1242 2747 Ibid.
1257 2727 1286 2758 p.
1308 2713 1411 2745 666?

903 2675 1003 2712 terra,

903 2716 1034 2757 ditioni,
1048 2716 1103 2757 &a

1371 2829 1396 2855 D

1585 684 1641 707 The
1655 683 1732 707 death
1747 684 1776 707 os

1587 718 1709 748 Geoli'rey
1723 720 1747 740 01

1588 750 1725 782 Britanny.
