1908 3135
490 222 554 253 DE
588 221 937 254 INSTRUCTIONE
973 223 1254 256 PRINCIPUM.
1492 220 1573 258 143

232 322 344 362 Item
377 329 419 362 et
449 322 528 363 hoc
563 338 735 377 quoque
769 323 956 363 notabile
989 323 1147 371 censui,
1182 324 1365 377 qualiter
1396 326 1571 379 spiritus

172 390 294 443 pueri
321 390 504 443 junioris
535 390 724 444 ejusdem
756 390 981 430 suscitatus
1017 391 1211 430 iteruma
1233 391 1419 432 Domino
1441 393 1572 434 fuerit

171 458 216 497 in
264 459 377 500 1111110
417 460 602 500 modum.
685 459 737 500 In
783 459 994 513 colloquio
1041 460 1224 513 quodam
1271 460 1383 500 inter
1437 462 1571 504 dictos

173 525 315 579 Reges
353 541 485 580 prope
527 526 766 567 Gisortium
803 526 962 575 habito,
995 527 1070 566 ubi
1110 533 1210 567 tunc
1250 543 1435 582 praesens
1475 544 1571 570 cum

170 601 290 647 patre
324 593 410 633 fuit
430 593 656 648 Philippus
690 592 892 633 Lodovici
927 593 1054 642 filius,
1078 594 1199 647 quasi
1235 601 1336 635 tune
1370 597 1571 649 temporis

171 661 392 701 duodenus
443 660 643 708 existens,
685 675 781 700 cum
829 659 1002 713 plurimi
1043 660 1301 701 Francorum
1350 662 1569 703 castellum

170 728 415 782 oppositum
453 727 659 768 attentius
698 727 929 776 intuentes,
970 727 1332 781 pulchritudinem
1383 731 1475 784 ejus
1526 738 1569 770 et

168 795 465 835 fortitudinem
505 810 641 849 nuper
678 794 879 835 nimirum
918 795 962 834 in
1002 795 1253 836 immensum
1299 796 1482 847 adaucti,
1525 806 1566 838 et

169 862 305 902 Pariis
341 862 507 917 egregie
546 861 759 917 lapidibus
798 862 1005 916 aereisque
1039 863 1228 903 turribus
1268 870 1312 903 et
1350 865 1491 904 arduis
1521 865 1566 905 in

167 930 301 970 altum
334 930 555 979 exstructi,
578 930 713 971 multa
737 945 833 970 cum
861 930 1139 970 admiratione
1166 930 1401 980 laudarent,
1425 932 1564 974 dictus

165 1012 273 1051 puer
320 997 364 1038 in
420 998 637 1038 audientia
688 1011 839 1050 magna
896 997 1060 1037 cunctis
1115 997 1423 1038 admirantibus
1472 1000 1561 1050 ait3

166 1068 194 1086 “
214 1064 481 1105 Structuram
520 1064 710 1119 lapidum
749 1064 921 1104 illorum
957 1064 1076 1104 valde
1116 1065 1472 1115 commendatis;”
1523 1074 1566 1106 et

124 1128 128 1131 ’
163 1134 482 1187 prosequendo3
507 1137 534 1155 “
550 1147 626 1186 per
637 1131 804 1180 fidem,’'
826 1131 983 1184 inquit,
999 1134 1025 1152 “
1040 1146 1168 1185 quam
1182 1132 1314 1171 debeo
1331 1133 1441 1186 patri
1454 1148 1564 1184 meo,

163 1203 315 1244 vellem
336 1201 450 1255 quod
471 1214 615 1241 omnes
635 1199 796 1253 lapides
816 1198 879 1238 illi
909 1198 1099 1252 argentei
1118 1199 1185 1239 vel
1211 1199 1329 1240 aurei
1348 1200 1415 1240 vel
1436 1202 1563 1243 etiam

163 1285 342 1325 gemmae
363 1267 679 1323 pretiosissimae
702 1266 867 1314 forent3
901 1265 1002 1305 dum
1024 1272 1165 1306 tamen
1186 1266 1230 1305 id
1250 1281 1374 1307 nemo
1404 1277 1563 1321 praeter

162 1353 230 1378 me
254 1337 389 1377 solum
410 1335 476 1377 vel
496 1349 573 1390 per
592 1349 660 1374 me
681 1334 819 1383 sciret,
837 1340 912 1374 aut
931 1333 1035 1373 scire
1057 1333 1240 1387 posset.''
1280 1334 1340 1375 Et
1356 1350 1452 1375 cum
1468 1337 1562 1376 uni—

161 1405 270 1446 versi
302 1419 428 1458 super
448 1403 528 1443 11οο
548 1402 671 1456 pueri
688 1401 815 1442 verbo
836 1415 920 1441 non
947 1401 1217 1441 mediocriter
1238 1401 1559 1453 admirarentur,

162 1472 412 1526 subjunxit:
481 1470 615 1510 “Nec
654 1470 752 1509 inde
792 1467 1016 1517 miremini,
1056 1469 1172 1522 quod
1209 1476 1368 1522 quanto
1408 1471 1560 1512 melius

161 1540 376 1595 pretiique
415 1537 587 1593 majoris
627 1536 833 1591 oppidum
871 1536 979 1575 illud
1014 1535 1232 1585 existeret,
1267 1543 1384 1577 tanto
1423 1538 1558 1578 carius

160 1608 286 1657 idem,
309 1622 406 1647 cum
441 1606 493 1646 ad
520 1619 670 1645 manus
704 1618 816 1644 meas
845 1603 1149 1651 devolveretur,
1171 1603 1412 1644 haberem.’'
1473 1605 1559 1646 Sed

160 1689 255 1715 ecce
278 1680 436 1728 quanta
455 1672 611 1713 fiducia
642 1671 843 1725 principis
876 1670 985 1710 tanti
1007 1676 1178 1724 tamque
1199 1671 1387 1724 potentis
1408 1679 1451 1712 et
1471 1679 1556 1713 tam

158 1742 325 1796 optimi,
346 1748 491 1781 contra
510 1755 628 1794 spem
649 1739 837 1779 omnium
864 1737 965 1786 fere,
987 1752 1093 1791 puer
1112 1737 1181 1777 hic
1203 1752 1302 1791 opes
1324 1745 1367 1778 et
1401 1740 1558 1794 oppida

159 1810 240 1850 sibi
260 1810 312 1849 ad
324 1823 472 1849 manus
493 1807 750 1862 quandoque
773 1804 1041 1853 devolvenda,
1065 1804 1185 1857 quasi
1206 1811 1347 1845 mente
1367 1820 1557 1860 praesaga

158 1884 202 1917 et
222 1878 300 1917 sub
323 1883 436 1917 certa
457 1875 638 1930 quadam
658 1872 994 1928 praesumptione
1016 1872 1224 1926 sperabat.

216 1944 329 1985 Item
382 1950 426 1983 et
473 1942 552 1982 11οο
603 1940 887 1996 adjiciendum
937 1938 1006 1978 1110
1061 1938 1321 1979 decrevimus
1379 1941 1554 1981 verbum

156 2012 359 2066 ejusdem,
381 2010 453 2051 sed
478 2011 567 2065 jam
584 2008 719 2062 Regis
745 2014 788 2048 et
819 2006 968 2055 adulti,
997 2005 1209 2060 persimile
1238 2006 1383 2059 priori.
1445 2007 1554 2048 Cum

156 2079 269 2119 enim
299 2079 344 2118 in
377 2092 510 2119 werra
545 2077 618 2117 illa
647 2075 810 2130 grandi,
847 2089 945 2128 quae
980 2073 1092 2113 inter
1130 2072 1268 2127 ipsum
1305 2080 1347 2113 et
1388 2074 1553 2128 Regem

155 2147 328 2201 Angliae
375 2145 610 2187 Ricardum
647 2149 744 2198 post
783 2141 949 2182 obitum
983 2140 1067 2180 fuit
1105 2140 1329 2194 utriusque
1369 2149 1551 2194 patrum,

153 2214 325 2255 veniens
359 2213 412 2253 ad
450 2211 668 2252 castellum
709 2210 760 2249 de
800 2209 928 2262 Rupe
968 2207 1082 2261 apud
1116 2207 1366 2256 Andeleam,
1417 2223 1554 2262 nuper

155 2282 322 2336 egregie
342 2280 461 2321 valde
492 2294 515 2319 a
546 2279 667 2332 Rege
696 2276 879 2317 Ricardo
901 2281 1204 2323 constructum,
1227 2274 1405 2327 visuque
1441 2290 1552 2328 prae-

154 2350 327 2397 clarum,
362 2346 533 2388 Francis
572 2344 790 2386 castellum
828 2342 1096 2382 intuentibus
1136 2348 1179 2381 et
1215 2341 1551 2383 collaudantibus

153 2417 197 2457 in
219 2414 434 2456 audientia
453 2412 625 2468 publica
656 2411 779 2460 dixit,
803 2417 845 2450 et
873 2409 1070 2450 assertive
1103 2423 1274 2462 quoque
1303 2423 1398 2448 cum
1417 2423 1550 2450 sacra-

152 2490 296 2524 mento
338 2480 576 2536 proposuit,
625 2478 725 2532 quia
762 2477 889 2518 vellet
943 2476 1146 2530 oppidum
1196 2475 1303 2515 illud
1350 2491 1405 2516 ex
1458 2483 1548 2516 toto

152 2551 337 2591 ferreum
387 2563 499 2597 esse3
550 2545 770 2600 pristinam
814 2544 866 2584 ad
916 2543 1006 2584 haec
1049 2558 1192 2583 revera
1243 2543 1547 2583 Normanniam

153 2616 350 2657 domandi
372 2629 534 2669 suoque
557 2612 742 2653 dominio
759 2610 1027 2666 subjugandi,
1050 2610 1159 2650 sicut
1180 2617 1223 2650 et
1238 2609 1547 2663 Aquitanniam

151 2691 299 2733 totam,
322 2690 364 2724 et
382 2684 460 2723 sub
477 2696 549 2736 spe
571 2680 743 2735 quidem
759 2679 879 2733 quasi
898 2677 1139 2726 certissima,
1156 2677 1353 2717 fiduciam
1373 2676 1545 2718 habens.

152 2751 284 2791 Porro
325 2766 419 2791 cum
460 2750 635 2789 verbum
675 2747 790 2787 istud
830 2746 880 2785 ad
922 2745 1085 2797 Regem
1128 2744 1359 2784 Ricardum
1401 2750 1545 2797 postea
