1908 3135
514 234 576 265 DE
612 233 960 267 INSTRUCTIONE
997 236 1274 269 PRINCIPUM.
1533 233 1581 271 21

192 332 370 386 placato,
393 332 435 373 in
453 333 635 373 crastino
655 333 770 390 apud
790 334 1098 376 Aunewicense
1129 343 1326 387 castrum,
1348 339 1585 391 presidente

190 400 325 453 probo
355 400 644 454 prudentique
664 400 766 451 viro,
790 408 833 441 et
854 402 896 441 in
927 409 1107 457 utraque
1128 403 1300 444 fortuna
1329 405 1584 455 fidelissimo,

193 467 426 522 Ranulpho
458 467 787 518 Gluanvilensi,¹
811 469 992 509 divinam
1023 471 1177 524 adepta
1207 478 1270 512 est
1293 471 1472 526 Anglia2
1491 473 1583 513 diu-

188 540 442 588 turnamque
461 534 656 575 letitiam.

367 669 435 709 De
455 669 703 709 successibus
724 670 854 725 Reyis
875 671 1054 711 Henricz·
1074 672 1242 712 secundi
1261 673 1403 713 variis.

249 786 409 841 Captus
430 786 561 840 igitur
583 786 782 828 Albanioe
806 787 940 837 Rex,³
962 789 1073 843 capti
1097 789 1273 830 Cestriae
1292 792 1307 815 '²
1336 789 1508 830 comites
1539 800 1581 830 et

190 854 492 908 Lcycestriae35
535 862 744 909 praeterea
784 871 839 896 ex
874 862 1053 910 utraque
1089 857 1241 897 Gallici
1283 858 1408 898 maris
1448 865 1579 912 parte,

186 930 297 962 sorte
319 922 539 971 consimili,
559 929 622 963 tot
657 937 850 976 proceres
883 924 1008 977 capti,
1033 931 1096 963 tot
1114 924 1254 973 duces,
1278 932 1342 965 tot
1360 926 1435 964 viri
1472 926 1581 966 mili-

187 997 309 1038 tares,
328 996 378 1030 ut
397 989 470 1029 vix
490 990 610 1030 vietis
623 990 802 1040 vincula,
818 990 891 1030 vix
909 990 1041 1044 captis
1057 1006 1254 1040 carceres,
1276 992 1578 1033 invenirentur.

189 1057 273 1098 Sed
308 1057 507 1110 quoniam
541 1058 751 1111 princeps,
786 1058 917 1097 donec
953 1057 1004 1096 de
1039 1073 1081 1097 se
1112 1058 1203 1111 ipso
1237 1058 1482 1112 triumphet,
1505 1061 1578 1100 ob-

185 1140 304 1165 scure
346 1125 397 1164 de
441 1124 633 1164 hostibus
666 1124 961 1178 triumphabit,
1010 1125 1187 1179 (quippe
1220 1126 1324 1165 nihil
1373 1134 1435 1166 est
1466 1128 1577 1167 unde

182 1207 268 1232 non
304 1191 541 1246 triumphet
575 1191 703 1231 animi
734 1191 1046 1245 triumphator,)
1082 1193 1192 1232 inter
1228 1199 1293 1232 tot
1324 1208 1464 1233 rerum
1495 1195 1579 1235 vic-

182 1257 343 1308 torias,6
371 1259 544 1299 fortuna
572 1259 734 1313 ubique
763 1259 948 1312 spirante
978 1259 1176 1308 favorem,
1199 1260 1380 1313 egregiae
1411 1260 1580 1301 virtutis

183 1334 226 1368 et
261 1326 465 1367 inauditae
504 1326 676 1380 pietatis
713 1326 910 1380 exemplo
950 1326 1030 1366 sibi
1072 1327 1297 1380 imperans,
1337 1327 1475 1381 deque
1517 1343 1579 1368 se-

181 1394 273 1449 ipso
295 1393 575 1447 triumphanS,
596 1393 766 1433 vincens
787 1393 948 1433 animos
977 1393 1168 1446 iramque
1191 1408 1322 1442 suam,
1346 1394 1420 1447 qui
1441 1402 1580 1435 cetera

179 1461 295 1511 vicit,
316 1461 509 1502 hostibus
529 1460 720 1514 undique
740 1460 861 1500 victis
883 1466 926 1500 et
956 1460 1228 1514 triumphatis
1244 1460 1373 1500 vitam
1394 1461 1578 1503 reddidit

182 1536 224 1570 et
243 1529 443 1569 honorem
463 1545 472 1578 3
511 1527 711 1582 quodque
742 1527 869 1567 rebus
894 1527 939 1567 in
967 1527 1162 1567 secundis
1182 1542 1323 1567 rarum
1345 1543 1432 1568 esse
1456 1529 1575 1579 solet,

182 1612 306 1651 aequa
326 1597 465 1636 ferens
494 1595 712 1636 commoda
730 1601 885 1644 mente,
908 1594 1018 1635 inter
1031 1594 1144 1648 ipsos
1165 1594 1442 1648 triumphales
1455 1611 1577 1636 even-

179 1672 262 1714 tus,
289 1678 494 1705 summam
521 1662 800 1711 clementiam,
826 1676 1031 1702 summam
1057 1662 1167 1702 inter
1193 1676 1393 1716 prospera
1413 1663 1577 1703 modes-

180 1733 280 1773 tiam
300 1730 572 1772 conservavit.
630 1729 735 1769 Post
754 1729 887 1769 varias
918 1728 1051 1782 igitur
1077 1728 1179 1768 belli
1214 1728 1421 1768 biennalis
1451 1744 1576 1769 vexa-

178 1799 315 1839 tiones
355 1805 398 1838 et
428 1798 572 1837 inanes
605 1796 775 1835 omnino
808 1795 1091 1848 fatigationes,
1136 1796 1213 1835 sub
1254 1796 1367 1849 pacis
1404 1795 1573 1836 demum

177 1866 334 1914 osculo,
357 1863 662 1916 umbratilique
692 1861 825 1916 magis
851 1877 977 1916 quam
998 1876 1096 1901 vera
1117 1861 1351 1911 concordia,
1374 1861 1483 1903 sicut
1517 1879 1572 1904 ex

175 1940 273 1988 post
289 1933 400 1974 facto
422 1931 586 1980 claruit,
608 1930 660 1970 ad
680 1937 844 1983 patrem
864 1928 941 1968 filii
959 1936 1058 1969 sunt
1078 1928 1246 1969 reversi.

232 1999 427 2041 Biennali
446 2013 545 2039 vero
567 1997 681 2037 clade
701 1996 856 2044 sedata,
878 1995 1136 2035 cessantibus
1167 2010 1338 2049 quoque
1368 1996 1502 2050 plagis
1528 2005 1571 2038 et

171 2066 550 2124 persecutionibus,
572 2079 656 2105 non
690 2063 843 2103 divinae
880 2062 1154 2111 miserationi,
1190 2063 1262 2102 sed
1293 2063 1461 2104 brachio
1492 2080 1570 2104 suo

169 2143 309 2177 totum
329 2133 581 2181 adscribens,
604 2138 805 2185 tanquam
834 2129 997 2170 Pharao
1017 2129 1135 2178 alter,
1158 2143 1228 2168 cor
1256 2129 1494 2179 induravit3
1527 2138 1570 2171 et

171 2204 224 2244 ad
253 2202 417 2243 solitam
450 2200 650 2240 vitiorum
682 2197 922 2251 voraginem
954 2197 1018 2236 vel
1065 2196 1185 2250 quasi
1216 2196 1437 2249 proclivior
1468 2212 1568 2238 usus

168 2271 212 2310 in
229 2270 373 2324 pejora
394 2268 531 2316 datus,
552 2266 677 2319 longe
699 2264 949 2304 deteriorem
977 2263 1318 2316 incorrigibiliter
1337 2264 1565 2305 inclinavit.

170 2338 231 2377 Et
250 2344 300 2376 ut
321 2335 412 2375 aliis
433 2333 593 2374 omissis
613 2346 745 2372 unum
766 2331 809 2370 in
841 2330 1028 2370 medium
1059 2344 1357 2383 proponamus,
1380 2331 1478 2370 olim
1502 2331 1564 2371 in-

170 2409 379 2445 carcerata
418 2414 569 2454 sponsa
604 2414 680 2438 sua
720 2397 922 2438 Alienora
971 2396 1139 2450 Regina
1169 2397 1212 2436 in
1243 2411 1411 2450 poenam
1452 2398 1561 2438 forte

169 2469 371 2511 maritalis
393 2466 548 2508 excidii
572 2465 730 2520 primi,⁷
753 2478 1064 2517 consensusque
1086 2463 1272 2512 secundi,
1296 2463 1367 2517 qui
1397 2464 1561 2504 adulter

216 2579 222 2597 ¹
250 2579 313 2612 See
336 2576 427 2610 John
453 2575 491 2609 of
513 2575 712 2618 Brompton,
732 2575 833 2615 1095,
945 2572 958 2591 ⁶
983 2572 1108 2605 Rerum
1127 2571 1267 2604 aliarum
1287 2572 1454 2616 victorias,
1476 2573 1520 2607 H.

167 2625 220 2658 cd.
240 2623 376 2669 Twysd.
945 2618 958 2638 ⁷
982 2617 1048 2651 She
1081 2629 1149 2651 was
1182 2618 1261 2662 kept
1294 2629 1313 2651 a
1345 2619 1494 2663 prisoner
1526 2627 1557 2652 at

212 2671 224 2688 ²
250 2671 330 2703 Post
349 2668 488 2713 Angliu,
502 2678 610 2712 pacem
634 2665 751 2699 inserit
771 2664 817 2699 H.
900 2664 1075 2708 Salisbury
1108 2664 1158 2715 for
1199 2663 1314 2708 nearly
1348 2671 1402 2697 ten
1439 2677 1558 2709 years;

215 2718 227 2735 ³
255 2716 422 2748 william.
532 2714 543 2731 ⁴
572 2712 684 2756 Hugo.
902 2710 1026 2743 Chron.
1048 2710 1278 2754 v0s1011s.pp.
1296 2712 1375 2752 311),
1402 2713 1478 2751 339,
1505 2711 1557 2744 etl.

216 2763 228 2781 ⁵
255 2762 393 2795 Robert.
904 2755 1026 2788 Labbc.
1090 2756 1160 2788 Iler
1190 2767 1249 2788 son
1282 2755 1409 2800 chry,
1440 2768 1479 2788 on
1507 2756 1558 2788 his
