1908 3135
483 232 546 262 DE
582 229 932 262 INSTRUCTIONE
967 228 1249 260 PRINCIPUM.
1511 221 1561 258 29

171 329 414 371 dialecticus
457 336 521 370 est
569 344 665 370 cum
706 344 791 383 quo
842 329 1062 370 disseritur
1111 329 1300 370 omnium
1346 342 1566 381 argumen-

171 404 313 437 torum
354 396 482 446 locos,
535 396 609 450 qui
658 396 751 437 loco
798 411 882 436 non
928 397 1164 447 clauditur3
1201 397 1290 451 ipse
1337 396 1568 447 distinguet

170 464 361 504 omnium
390 463 652 504 fallaciarum
682 463 895 513 fantasias,
929 464 1002 518 qui
1033 464 1122 504 falli
1154 479 1239 504 non
1278 470 1445 517 potcst3
1478 462 1568 515 ipsc

169 530 371 580 dissolvit,
403 531 518 584 apud
538 544 666 584 quem
700 530 796 584 plus
818 531 928 571 valet
961 531 1215 580 innocentia,
1240 545 1367 584 quam
1387 529 1567 579 astutia3

168 598 265 652 plus
286 598 533 652 simplicitas
549 613 677 652 quam
698 598 937 647 urbanitas3
970 598 1066 652 plus
1086 598 1239 638 veritas
1268 612 1394 652 quam
1426 597 1570 636 verbo-

169 665 282 714 sitas,
304 665 399 719 plus
430 665 611 719 elinguis
631 665 882 706 verecundia
903 680 1029 719 quam
1060 665 1278 719 peccatrix
1312 664 1567 717 eloquentia.

169 731 260 772 Nec
295 731 421 784 longa
458 732 621 785 logicus
660 732 740 773 iste
783 732 1071 787 disputatione
1103 732 1281 786 fatigat3
1315 746 1399 771 uno
1432 738 1569 771 tamen

167 805 320 838 cuncta
359 799 517 839 claudit
556 806 599 839 et
637 800 854 841 concludit
893 800 1158 854 syllogismo;
1204 805 1415 853 proponet
1459 799 1571 838 enim

167 866 317 920 legem,
339 873 525 908 assumet
546 867 932 922 transgressionem,
954 867 1177 908 concludet
1198 866 1521 907 damnationem.

737 1002 843 1043 CAP.
866 1001 999 1044 VIII.

113 1145 118 1147 ‚
167 1090 235 1129 De
251 1090 442 1144 flayellz's
461 1091 573 1145 Refsz'
594 1091 778 1131 Henrico
810 1106 835 1130 a
856 1092 947 1131 Deo
977 1090 1100 1140 datis,
1124 1095 1163 1129 et
1184 1090 1294 1129 obita
1315 1089 1570 1142 Reqz'sjzmz‘-

825 1158 922 1197 oris.

226 1246 451 1287 CETERUM
474 1253 635 1300 quanto
672 1261 714 1287 se
746 1246 883 1301 pravis
914 1245 1152 1285 actionibus
1184 1260 1207 1284 a
1227 1243 1415 1284 Domino
1436 1243 1569 1296 magis

168 1313 392 1367 elongavit,
433 1320 551 1353 tanto
604 1313 856 1368 propensius
907 1328 1004 1353 eum
1045 1312 1184 1352 divina
1229 1310 1480 1364 benignitaS,
1522 1318 1570 1350 ut

168 1381 445 1435 resipisceret,
467 1380 648 1421 vicissim
671 1387 714 1420 et
749 1380 925 1434 flagellis
955 1379 1187 1433 exagitavit
1208 1385 1252 1418 et
1269 1377 1485 1418 beneficiis
1507 1377 1570 1417 in-

165 1448 326 1490 vitavit.
369 1448 584 1489 Henricus
599 1449 756 1489 etenim
768 1448 882 1488 filius
905 1448 1010 1502 ejus,
1029 1447 1222 1501 [propter
1249 1444 1566 1499 dissentionem]

169 1516 280 1556 inter
296 1515 436 1569 ipsum
450 1522 494 1556 et
513 1515 687 1555 fratrem
701 1515 906 1569 ejusdem,
924 1514 1126 1554 Pictaviae
1152 1512 1375 1562 Comitem,
1392 1513 1570 1553 Richar-

168 1584 284 1632 dum,
306 1582 375 1623 cui
398 1582 499 1623 Rex
518 1590 640 1637 pater
674 1589 774 1623 tunc
798 1581 998 1636 temporis
1025 1581 1167 1621 fautor
1196 1581 1412 1629 extiterat,
1434 1595 1571 1634 nuper

165 1651 373 1699 obortam,
413 1650 558 1705 paucis
589 1656 686 1704 post
722 1663 930 1689 annorum
963 1647 1198 1697 curriculis,
1238 1647 1398 1688 iterum
1437 1647 1570 1686 hosti-

167 1718 266 1758 liter
285 1733 308 1757 a
328 1724 447 1771 patre
469 1717 719 1765 discedens,1
739 1731 910 1768 magnas
932 1715 1135 1756 Pictaviae
1156 1720 1298 1768 partes
1320 1714 1539 1767 occupavit
1558 1730 1567 1761 3

167 1785 326 1826 multos
358 1784 509 1838 patriae
537 1798 732 1837 proceres
763 1783 845 1822 sibi
875 1782 1060 1831 allectos,
1092 1781 1356 1835 multamque
1389 1780 1567 1820 Gallica}

167 1852 334 1892 militiae
350 1853 623 1906 juventutem
645 1849 977 1898 circumducens,
1000 1863 1165 1889 necnon
1186 1855 1228 1889 et
1254 1848 1432 1887 militem
1453 1863 1569 1900 egre-

168 1920 304 1973 gium,
326 1919 499 1959 fratrem
534 1932 659 1958 suum
681 1916 917 1957 Britannia)
942 1916 1153 1956 Comitem
1175 1914 1447 1964 Gaufridum,
1470 1914 1569 1954 mali

167 1987 299 2027 totius
337 1986 616 2034 inventorem,
658 1984 733 2038 qui
765 1983 1043 2024 Normanniae
1079 1983 1184 2023 fines
1218 1989 1262 2022 et
1294 1981 1568 2035 Andegaviae,

168 2054 305 2095 valida
326 2053 553 2094 Britonum
575 2051 745 2092 cohorte
781 2051 976 2105 stipatus,
998 2050 1159 2104 magnis
1179 2049 1339 2090 viribus
1359 2049 1570 2102 inquieta-

167 2122 254 2162 bat.
297 2120 398 2161 Rex
418 2119 563 2173 itaque
586 2118 713 2158 tantis
733 2133 788 2158 ex
808 2117 1029 2172 inopinato
1051 2116 1366 2158 turbationibus
1386 2116 1569 2165 emersis,

168 2188 296 2229 anxie
318 2194 536 2242 permotus
556 2186 735 2240 grandes
755 2185 946 2239 undique
976 2200 1128 2238 cogens
1153 2184 1379 2233 exercitus,
1400 2184 1444 2224 in
1466 2199 1571 2224 aux-

166 2255 288 2295 ilium
312 2253 492 2294 Comitis
514 2252 719 2292 Richardi
740 2251 1013 2292 Lemovicum
1035 2266 1169 2305 usque
1190 2251 1397 2305 pervenit.

223 2322 325 2362 Rex
337 2327 479 2361 autem
496 2319 655 2374 junior,
671 2334 754 2359 non
776 2318 925 2372 procul
941 2319 1053 2367 inde,
1069 2318 1151 2358 viz.
1166 2318 1279 2372 apud
1301 2317 1567 2366 Marcellum,

166 2395 327 2430 tantam
357 2394 614 2428 armatorum
656 2385 975 2426 multitudinem
1024 2385 1067 2425 in
1106 2385 1224 2425 brevi
1257 2392 1569 2442 convocaverat,

166 2464 367 2511 quantam
399 2454 496 2495 ullis
528 2469 717 2507 unquam
750 2453 898 2493 diebus
929 2468 953 2492 a
984 2453 1072 2493 viro
1123 2452 1242 2492 terris
1282 2460 1325 2492 et
1365 2452 1571 2492 thesauris

164 2524 337 2565 omnino
364 2529 530 2564 carente
563 2521 704 2562 fuerat
735 2528 832 2560 ante
869 2528 1090 2561 commota.
1155 2519 1263 2560 Cum
1298 2519 1441 2573 itaque
1465 2519 1572 2560 tanti

165 2591 390 2632 conflictus
403 2590 598 2644 tantique
632 2587 886 2629 discriminis
910 2588 999 2642 jam
1020 2587 1196 2641 propius
1220 2586 1308 2626 dies
1334 2586 1573 2627 immineret

166 2659 293 2713 longe
313 2666 456 2700 tamen
487 2655 639 2712 impari
674 2654 824 2696 animis
851 2669 976 2708 quam
1011 2654 1136 2694 armis
1160 2661 1279 2708 parte
1312 2654 1441 2708 patris
1463 2653 1574 2693 exis-

762 2755 769 2771 ¹
798 2765 865 2788 ΑΛ).
888 2756 986 2787 1183.

1590 1252 1627 1276 Of
1637 1252 1683 1276 the
1696 1251 1735 1275 di-

1587 1286 1647 1309 vine
1660 1284 1771 1316 punish-

1588 1321 1676 1342 mcnts
1690 1318 1789 1341 where-

1588 1351 1652 1375 with
1665 1351 1698 1375 he
1711 1357 1766 1374 was

1588 1384 1694 1412 visited,
1710 1382 1763 1407 and

1588 1417 1617 1441 of
1628 1418 1673 1441 the
1686 1416 1766 1440 death

1588 1450 1617 1474 of
1627 1450 1668 1474 his
1681 1457 1730 1473 son

1590 1485 1693 1514 Henry.
