1908 3135
401 276 484 316 164
807 286 1045 317 GIRALDUS
1081 286 1381 317 CAMBRENSIS

399 391 510 426 sunt.
573 385 642 425 Sic
664 385 794 439 igitur
815 384 1015 425 extinctis
1043 384 1227 424 lucernis
1246 384 1454 432 omnibus,
1477 398 1565 431 nOS,
1589 383 1663 436 qui
1694 398 1792 423 noc-

398 454 534 495 turnis
566 454 759 507 exequiis
789 454 980 494 assistere
1000 453 1260 502 videbamur,
1293 454 1434 493 statim
1467 459 1687 500 exeuntes,
1714 467 1792 492 nec

398 521 588 562 ordinate
619 521 804 574 quidem,
828 520 900 560 sed
934 535 1202 573 praepropere
1237 534 1413 573 praeque
1444 520 1593 559 timore
1623 519 1793 572 diffugi-

397 595 529 636 entes,
563 602 714 641 corpus
760 587 919 627 ibidem
957 587 1105 635 solum,
1143 586 1262 640 quasi
1313 586 1526 626 inmundis
1561 586 1790 634 obsessum,

395 670 484 711 prae
522 654 671 694 timore
706 654 862 708 pariter
895 660 937 692 et
973 653 1144 693 horrore
1178 653 1441 707 reliquimus,
1474 653 1672 706 omnique
1711 653 1791 692 hu-

396 736 519 762 mano
550 736 720 775 prorsus
753 719 902 760 solatio
934 720 1199 760 destitutum.
1261 719 1384 760 Hanc
1417 726 1559 759 autem
1588 719 1791 759 visionem

398 788 628 829 venerabili
649 787 739 827 viro
770 786 1013 827 Baldewino
1040 786 1281 826 Cantuariae
1319 787 1647 840 archiepiscopo,
1679 801 1789 835 cum,

397 855 534 895 adhuc
570 854 690 906 Rege
731 853 972 906 superstite,
1013 867 1269 906 quamquam
1316 867 1465 906 parum
1506 860 1647 892 tamen
1696 860 1792 892 ante

398 928 577 961 mortem
612 920 814 974 ejusdem,
837 919 1088 964 retulissem,
1111 926 1154 958 et
1184 919 1272 973 ipse
1303 919 1407 958 mihi
1427 920 1646 967 visionem,
1669 934 1795 972 quam

400 989 450 1028 de
486 987 633 1027 eodem
668 986 776 1026 circa
811 986 900 1026 haec
937 986 1081 1026 eadem
1120 994 1309 1040 tempora
1342 986 1516 1035 viderat,
1552 986 1795 1040 explicavit.

398 1055 552 1096 Visum
574 1054 685 1093 enim
706 1060 794 1093 erat
815 1053 854 1092 ei
876 1053 988 1106 quod
1009 1068 1104 1092 cum
1130 1053 1345 1093 ecclesiam
1368 1053 1577 1107 quandam
1606 1053 1797 1101 intraret,

401 1121 563 1162 invenit
600 1121 645 1160 in
685 1135 733 1160 ea
772 1135 924 1174 corpus
963 1119 1144 1159 hominis
1192 1120 1349 1159 mortui
1391 1120 1511 1173 quasi
1558 1120 1601 1159 in
1640 1120 1798 1160 feretro

397 1190 567 1243 jacens3
601 1188 714 1241 quod
746 1202 841 1227 cum
877 1187 1033 1235 subito,
1064 1202 1148 1227 non
1179 1187 1338 1240 absque
1371 1187 1598 1227 astantium
1630 1188 1795 1236 timore,

405 1271 446 1296 se
483 1270 608 1309 super
639 1254 831 1295 cubitum
863 1254 1056 1307 erigeret,
1086 1254 1130 1293 in
1162 1254 1289 1294 verba
1321 1269 1598 1308 prorumpens
1631 1254 1795 1303 acriter,

408 1326 434 1344 “
453 1322 542 1363 Ubi
562 1322 695 1370 Sum,”
714 1322 869 1375 inquit,
893 1325 919 1343 “
937 1329 979 1361 et
1000 1321 1073 1361 ubi
1089 1323 1209 1375 jaceo
1224 1321 1267 1360 ?’'
1328 1321 1532 1375 Dumque
1551 1337 1799 1375 responsum

393 1390 629 1443 ,acciperem
663 1389 821 1441 “quod
851 1389 893 1428 in
927 1388 1162 1438 ecclesia;'’
1203 1389 1398 1443 subjecit,
1442 1388 1623 1429 “Locus
1654 1389 1698 1428 in
1730 1404 1796 1429 ec-

407 1456 533 1497 clesia
560 1470 645 1495 non
682 1463 745 1495 est
770 1455 888 1503 mihi,
911 1454 1086 1508 proinde
1118 1455 1200 1494 cito
1222 1463 1445 1509 exportare
1476 1457 1585 1496 me.”
1646 1455 1798 1510 Rejec-

408 1531 538 1576 toque
569 1536 708 1576 panno
734 1537 819 1575 quo
840 1522 1001 1561 velatus
1028 1521 1181 1571 fuerat,
1211 1523 1407 1576 apparuit
1437 1538 1525 1562 esse
1551 1524 1652 1563 Rex
1678 1522 1798 1563 Hen-

405 1590 529 1630 ricus.
592 1589 948 1643 Archiepiscopus
982 1596 1137 1637 autem,
1170 1589 1241 1628 1110
1277 1596 1516 1644 exportato,
1550 1590 1669 1643 quasi
1702 1591 1800 1630 mis-

407 1672 493 1697 sam
520 1657 741 1697 auditurus
772 1671 868 1696 cum
899 1656 1156 1710 presbyteris
1181 1658 1270 1710 jam
1297 1657 1506 1706 intrasset,
1534 1657 1639 1697 vidit
1669 1657 1799 1697 altare

406 1725 567 1764 nudum
598 1724 767 1764 omnino
790 1731 833 1763 et
853 1723 1043 1763 fissuram
1074 1724 1230 1764 habens
1263 1740 1340 1778 per
1374 1725 1561 1765 medium
1592 1725 1796 1779 amplam3

408 1798 450 1831 et
470 1792 670 1831 accedens
700 1790 874 1845 propius
895 1789 1001 1830 vidit
1030 1790 1073 1829 in
1096 1805 1144 1829 ea
1170 1791 1405 1844 egestiones
1428 1792 1548 1846 quasi
1578 1792 1795 1841 humanas,

408 1866 450 1898 et
485 1858 773 1898 immunditias
805 1858 913 1898 circa
935 1858 1064 1898 altare
1096 1858 1285 1912 undique
1318 1874 1502 1912 magnas.
1563 1859 1665 1902 Quo
1695 1860 1796 1909 viso,

408 1941 504 1966 011111
543 1926 713 1965 horrore
752 1925 910 1979 pariter
949 1932 992 1965 et
1030 1925 1183 1965 rubore
1224 1941 1267 1965 se
1310 1927 1539 1976 retrahens,
1579 1927 1801 1981 prospexit

409 1994 666 2033 sacerdotem
689 1993 875 2033 ecclesiae
904 1991 1018 2031 illius
1051 2007 1106 2032 ex
1139 1992 1269 2032 altera
1294 2000 1411 2046 parte
1444 2000 1648 2044 stantem3
1672 2009 1799 2047 quem

409 2061 461 2100 ad
492 2076 533 2100 se
553 2067 761 2108 vocatum,
784 2060 826 2098 in
854 2059 1098 2113 hujusmodi
1118 2060 1244 2099 verba
1265 2061 1486 2100 convenit:
1522 2065 1547 2083 ‘⁶
1565 2060 1686 2101 Tune
1718 2061 1802 2110 es,’'

410 2126 565 2179 inquit,
596 2129 622 2147 “
641 2127 830 2166 sacerdos
862 2126 935 2178 qui
962 2126 1006 2164 in
1034 2125 1112 2164 hoc
1146 2125 1237 2165 1000
1267 2127 1477 2167 ministrat
1495 2128 1542 2166 ?''
1603 2128 1668 2168 Ac
1699 2128 1797 2178 ille3

411 2196 437 2214 “
459 2193 604 2242 Sum,”
632 2193 785 2246 inquit.
848 2195 874 2212 “
895 2192 1039 2234 Quare
1070 2192 1203 2244 igitur
1232 2192 1371 2232 locum
1401 2208 1562 2234 sacrum
1595 2202 1639 2234 et
1667 2195 1796 2235 altare

411 2261 586 2301 Domini
626 2268 712 2301 tam
752 2260 1028 2300 irreverenter
1069 2267 1111 2299 et
1150 2265 1233 2300 tam
1285 2260 1506 2301 inhoneste
1547 2263 1798 2302 custodis?”

411 2331 439 2350 “
448 2328 647 2377 Domine,
660 2328 785 2368 homo
799 2327 883 2376 ille,
900 2341 1026 2381 quem
1039 2341 1151 2366 1111110
1169 2327 1306 2367 efferri
1322 2328 1498 2377 vidistiS,
1513 2329 1570 2369 sic
1584 2329 1799 2369 ecclesiam

409 2403 594 2435 nostram
616 2394 943 2435 dehonestavit.'’
985 2393 1340 2449 Archiepiscopus
1360 2403 1500 2435 autem
1522 2396 1743 2450 prohibuit
1764 2398 1802 2437 ei

408 2477 461 2502 ne
481 2462 584 2504 citra
616 2462 835 2502 honestam
861 2461 939 2501 loci
970 2461 1084 2501 illius
1114 2462 1410 2516 purgationem
1433 2471 1475 2503 et
1496 2464 1801 2505 reconciliatio-

408 2543 504 2568 nem
541 2529 721 2583 amplius
751 2529 908 2569 ibidem
943 2528 1187 2569 celebraret.
1249 2529 1309 2569 Et
1328 2545 1423 2570 vere
1451 2530 1577 2571 homo
1608 2532 1680 2572 ille
1713 2533 1798 2573 suis

409 2596 571 2644 diebus,
587 2596 726 2649 quoad
742 2596 897 2649 potuit,
919 2595 1134 2636 ecclesiam
1158 2596 1242 2636 Dei
1260 2597 1303 2636 in
1323 2597 1443 2638 terris
1465 2598 1550 2638 suis
1570 2599 1800 2653 privilegiis

407 2662 608 2715 privando
631 2670 673 2702 et
701 2662 978 2716 dignitatibus
1009 2663 1265 2703 detrahendo
1288 2665 1407 2717 quasi
1436 2665 1629 2706 sordibus
1651 2673 1694 2706 et
1721 2667 1799 2707 im-

406 2729 626 2769 munditiis
645 2729 881 2769 maculavit.

463 2795 683 2837 Visionem
736 2811 907 2850 quoque
958 2798 1089 2837 sancti
1138 2798 1314 2838 Godrici
1355 2799 1573 2840 heremitae
1624 2801 1794 2850 nobilis,
