1908 3135
495 223 559 254 DE
594 220 947 254 INSTRUCTIONE
982 220 1264 252 PRINCIPUM.
1519 209 1575 248 43

178 321 527 364 concurrentibus
548 320 726 360 infinitis
748 319 1000 374 quibusdam
1016 326 1065 359 ut
1084 319 1223 359 ablata
1236 317 1574 365 restituerentur,

179 391 270 432 aliis
291 396 366 431 aut
388 396 439 429 ut
459 387 627 429 servitia
653 402 728 427 sua
749 387 808 427 eis
828 386 1102 427 redderentur
1125 402 1134 435 ;
1169 385 1271 426 Rex
1301 384 1415 439 pravi
1432 386 1444 407 ¹
1478 398 1576 423 con-

180 458 287 506 silio,
310 464 353 498 et
386 456 583 496 hesterna
613 454 836 495 devotione
864 453 1176 507 refrigescente,
1213 452 1369 492 iterum
1389 465 1576 504 procras-

181 525 345 566 tinavit.
405 523 466 563 Et
486 522 542 563 sic
564 521 615 562 de
632 521 699 561 die
716 521 758 561 in
774 520 886 561 diem
898 535 974 575 per
990 520 1212 560 dilationes
1228 525 1270 559 et
1282 517 1576 558 frustrationes

180 592 500 644 multorumque
549 589 603 629 ob
639 588 717 628 hoc
750 587 1020 642 sequentium
1060 593 1147 627 tam
1178 600 1415 641 pauperum
1449 600 1577 638 quam

181 659 360 699 divitum
382 655 630 697 vexationes
651 661 791 695 totum
823 654 1008 695 evanuit.
1072 654 1181 694 Haec
1210 660 1352 694 autem
1377 659 1477 692 sunt
1498 664 1576 692 Vll.

180 725 402 775 mandata3
435 724 515 764 tria
549 738 646 777 quae
663 721 825 778 juravit
854 721 897 762 111
928 722 1197 762 coronatione
1219 736 1293 761 sua
1316 721 1367 761 de
1389 719 1579 760 Ecclesia

182 793 267 834 Dei
280 791 605 833 manutenenda.
648 804 696 831 11.
720 790 788 830 De
804 789 970 843 legibus
988 790 1106 843 regni
1116 789 1244 844 justis
1258 787 1464 828 tenendis.
1510 798 1576 826 111.

183 860 251 901 Ne
281 860 468 914 aliquem
489 859 577 899 sine
603 857 768 913 judicio
788 857 888 897 licet
907 871 1006 897 reus
1026 856 1156 897 fuerit
1180 862 1315 896 morte
1347 855 1576 895 damnaret.

183 940 268 968 1111.
288 927 341 967 In
355 926 678 968 haereditatibus
694 924 958 979 quibuslibet
969 922 1194 965 reddendis
1211 930 1253 963 et
1261 924 1357 977 jure
1372 921 1579 962 faciendo.

184 1009 225 1036 v.
248 995 316 1036 De
343 994 514 1049 justitia
546 993 676 1048 gratis
698 1000 741 1033 et
771 992 859 1032 sine
880 992 1018 1047 pretio
1038 991 1240 1032 facienda„
1300 1003 1360 1031 VI.
1393 989 1460 1029 De
1488 988 1581 1028 red-

184 1062 332 1103 dendis
353 1062 533 1103 servitiis
558 1061 761 1101 ministris
783 1060 882 1100 suis.
943 1072 1022 1100 vn.
1055 1059 1122 1099 De
1143 1058 1169 1098 J
1173 1058 1307 1098 udaeis
1336 1072 1360 1097 a
1381 1064 1491 1097 terra
1507 1070 1583 1095 sua

185 1129 463 1185 expellendiS,
495 1136 614 1183 parte
636 1127 830 1182 pecuniae
853 1141 942 1167 suae
974 1126 1033 1166 eis
1064 1125 1224 1174 relicta,
1254 1124 1367 1165 unde
1404 1124 1518 1164 abire
1540 1130 1584 1163 et

186 1212 281 1237 cum
302 1196 461 1236 familia
481 1210 557 1235 sua
576 1195 713 1235 vivere
734 1199 918 1248 possent.
980 1192 1046 1232 De
1061 1191 1190 1231 vadiis
1205 1198 1347 1232 autem
1368 1197 1410 1231 et
1431 1190 1584 1231 chartis

186 1264 294 1305 nihil
312 1263 517 1304 haberent
535 1279 544 1312 3
578 1262 651 1302 sed
672 1261 932 1315 suaequique
952 1259 1226 1313 1·eciperent.2

751 1396 857 1438 CAP.
891 1395 1024 1438 XIV.

192 1498 314 1544 Quod
337 1499 445 1539 sicut
471 1498 662 1553 flayellis
684 1502 722 1537 et
756 1496 1071 1537 revelationibus
1091 1496 1150 1536 sic
1172 1501 1210 1536 et
1232 1494 1436 1548 beneficiis
1457 1495 1582 1534 inter-

243 1567 338 1607 dum
373 1572 413 1607 et
447 1568 567 1621 quasi
601 1565 818 1606 blanditiis
839 1565 1040 1605 Dominus
1077 1578 1166 1604 enm
1199 1563 1255 1603 ad
1285 1562 1583 1603 conversionem

245 1635 456 1675 excitavit.

247 1735 386 1776 SICUT
417 1734 530 1775 enim
549 1733 675 1773 minis
707 1739 750 1773 et
781 1731 957 1786 flagellis
978 1737 1098 1785 pater
1118 1730 1215 1784 pius
1235 1729 1372 1769 filium
1409 1729 1462 1768 ad
1495 1742 1583 1768 cor-

189 1803 420 1843 rectionem
449 1801 682 1854 castigavit,
705 1800 762 1841 sic
785 1806 828 1840 et
859 1798 1055 1839 eumdem
1086 1812 1213 1851 pravo
1233 1796 1388 1836 affectu
1408 1796 1582 1849 perdere

192 1869 376 1924 [nolens]
432 1884 559 1923 quem
609 1874 821 1908 creaverat
871 1880 1084 1920 quemque
1130 1864 1376 1912 redemerat,
1418 1862 1462 1901 in
1500 1862 1586 1902 vita

189 1938 412 1986 sustinens,
434 1935 652 1977 beneficiis
673 1934 819 1975 multis
839 1940 883 1973 et
903 1932 1024 1987 quasi
1044 1931 1262 1971 blanditiis
1283 1937 1380 1984 post
1409 1929 1584 1983 flagitia,

190 2005 347 2046 totiens
367 2004 412 2044 in
432 2002 710 2057 triumphales
731 2001 879 2042 titulos
901 1999 1146 2040 extollendo
1169 2005 1212 2038 et
1233 1997 1584 2051 tranquillitatem

188 2073 405 2113 interdum
444 2070 719 2124 indulgendo,
768 2069 821 2109 ad
871 2066 1185 2108 conversionem
1236 2064 1442 2112 invitavit,
1481 2064 1587 2103 nihil

190 2139 401 2193 siquidem
436 2153 493 2179 ex
522 2135 867 2190 contingentibus
889 2132 1135 2174 omittendo.
1198 2131 1428 2179 Quoniam,
1452 2139 1500 2171 ut
1528 2131 1587 2171 ait

191 2207 406 2248 Isidorus:
439 2205 652 2246 Interdum
682 2202 951 2257 peccantibus
981 2201 1093 2240 nobis
1119 2213 1194 2238 sua
1223 2199 1339 2238 Deus
1367 2198 1472 2237 dona
1509 2212 1587 2237 non

190 2275 380 2322 retrahit,
414 2279 460 2313 ut
495 2272 551 2312 ad
591 2286 701 2325 spem
732 2271 878 2310 divinoe
909 2267 1225 2322 propitiationis
1260 2280 1368 2304 mens
1411 2265 1588 2304 hamana

191 2346 422 2394 consumat.
455 2340 520 2379 Ab
534 2338 606 2378 z‘llo
623 2339 727 2378 enim
743 2337 854 2377 nobis
868 2336 1002 2375 omnia
1017 2335 1132 2382 bona,
1143 2333 1586 2386 92·atiapr·a²z³etziente,

191 2411 407 2450 donantur.
468 2406 596 2447 Unde
615 2404 842 2445 -Psalmista
862 2418 871 2444 ι
905 2402 1134 2443 Miserator
1150 2406 1188 2439 et
1208 2400 1435 2438 misericors
1456 2399 1586 2447 Dens,

193 2477 447 2532 Zonyanimz’S,
463 2480 502 2514 et
514 2473 681 2514 multam
694 2472 936 2511 misericors.
971 2469 1108 2522 Super
1123 2482 1248 2521 quem
1262 2466 1401 2506 locum
1415 2465 1588 2519 Augus-

193 2546 319 2594 tinus,
342 2544 573 2584 Miser-ator
593 2545 689 2580 actu
710 2545 749 2579 et
775 2539 1003 2578 misericors
1024 2541 1189 2576 natura.
1249 2534 1310 2573 Et
1332 2533 1587 2587 lonqanimis,

194 2615 538 2667 quiapeccatores
559 2608 631 2647 (liza
651 2608 836 2647 sustinet.
890 2605 951 2645 Et
970 2603 1210 2651 misericors,
1227 2603 1322 2655 quia
1338 2601 1409 2640 dac
1432 2602 1532 2640 bona
1551 2607 1588 2640 et

244 2729 249 2747 ¹
277 2727 361 2759 forte
373 2736 478 2769 pravo
495 2723 686 2767 legendnm.
927 2726 1021 2752 notes
1052 2725 1085 2751 to
1116 2718 1172 2750 the
1202 2717 1279 2750 11111.
1301 2716 1418 2751 (famul),
1448 2727 1476 2758 Ι»,
1496 2718 1555 2747 841
1580 2727 1587 2753 ;

243 2773 254 2790 ²
278 2773 340 2805 Sec
387 2770 496 2803 David
524 2768 668 2801 -l‘owcll
723 2768 755 2800 111
806 2766 857 2799 his
924 2765 989 2798 :uid
1011 2765 1167 2809 Hygdcn,
1187 2764 1230 2796 ib.
1252 2766 1353 2796 2395.

1602 1746 1653 1770 His
1666 1753 1734 1771 con·

1601 1779 1695 1817 tinued
1709 1787 1772 1811 pro-

1600 1816 1711 1845 spenty.
