1908 3135
490 231 553 261 DE
587 231 942 263 INSTRUCTIONE
979 232 1262 265 PRINCIPUM.
1522 229 1574 268 99

178 329 339 369 minum
357 329 609 383 praedictum
628 345 669 370 se
691 331 983 385 praeparando,
999 347 1073 371 seu
1087 339 1182 386 post
1202 333 1282 372 iter
1299 342 1576 388 assumptum,

177 396 242 436 vel
274 397 316 436 in
353 397 490 437 eundo
511 397 576 437 vel
608 398 823 438 redeundo
854 400 1166 452 perturbarent,
1189 400 1255 439 vel
1289 407 1418 440 terras
1453 402 1577 442 etiam

176 463 367 517 ipsorum
396 463 566 504 interim
600 464 792 517 qualibet
820 465 1091 506 infestatione
1124 466 1407 508 molestarent.
1471 469 1577 509 Haec

177 538 319 570 autem
341 531 563 580 sententia,
586 531 744 571 ibidem
766 532 875 581 data,
898 534 1169 586 postmodum
1202 548 1225 573 a
1253 548 1416 574 summo
1440 536 1580 588 ponti-

177 597 253 638 fice
273 597 407 637 Lucio
429 603 472 637 et
493 598 544 637 ab
568 598 793 638 universali
815 599 989 639 ecclesia
1009 608 1072 639 est
1093 600 1349 640 confirmata.

235 664 356 704 Sicut
376 671 520 704 autem
540 665 592 704 ad
615 664 792 705 Comitis
815 666 1059 720 exemplum
1082 666 1238 720 RegeS‚
1262 667 1319 707 sic
1341 668 1391 708 ad
1409 667 1579 722 Regum

176 731 394 785 exemplar
414 731 634 772 Romanus
670 732 906 786 Imperator
928 733 1211 784 Frethericus,
1244 749 1407 774 necnon
1445 742 1488 775 et
1528 737 1580 776 ad

173 798 334 838 monita
367 799 617 839 venerabilis
651 799 906 840 Albanensis
941 800 1144 855 Episcopi
1195 809 1237 841 et
1269 802 1478 843 Romanae
1515 819 1581 844 ec-

173 865 310 905 clesiae
347 865 592 915 Cardinalis,
622 866 702 906 Illo
728 874 978 921 cooperante
1010 883 1034 907 a
1069 884 1155 922 quo
1187 876 1330 910 sancta
1360 870 1578 913 desideria,

171 940 285 974 recta
307 933 492 982 consilia,
516 941 559 973 et
577 934 695 988 justa
716 940 815 973 sunt
832 949 972 987 opera,
995 935 1048 975 ad
1067 936 1232 976 Loetare
1251 937 1511 987 JerusalemJ
1532 938 1576 978 in

175 1001 290 1040 curia
311 1000 384 1040 illa
402 1016 567 1055 magna,
592 1016 718 1055 quam
742 1001 914 1042 Curiam
932 1002 1054 1056 [Dei]
1073 1011 1236 1053 vocant,
1257 1005 1301 1044 in
1315 1005 1448 1045 nobili
1470 1006 1574 1045 urbe

174 1067 444 1121 Maguntina,
466 1083 562 1108 cum
596 1068 826 1122 majoribus
861 1070 979 1122 regni
1016 1070 1245 1111 Teutonici
1277 1072 1434 1112 ordinis
1470 1073 1575 1112 utri-

121 1132 125 1135 ’
172 1149 308 1188 usque
329 1134 429 1175 viris
463 1150 628 1175 crucem
660 1136 881 1188 magnifice
915 1138 1133 1191 suscepit.2
1195 1138 1265 1178 Sic
1309 1138 1454 1193 itaque
1500 1155 1576 1194 per

172 1201 387 1242 universos
408 1203 713 1256 propemodum
735 1202 923 1256 Europae
945 1203 1050 1244 fines
1085 1205 1136 1245 ad
1168 1206 1409 1260 principum
1432 1221 1575 1247 exem-

171 1268 290 1321 plum
326 1269 426 1308 orbe
463 1269 709 1322 compositO,
732 1270 836 1309 adeo
874 1269 1100 1311 Salvatoris
1123 1272 1278 1326 injuria
1313 1273 1575 1326 singulorum

170 1338 320 1378 animis
354 1338 480 1378 altius
511 1338 681 1389 insedit,
714 1346 765 1379 ut
795 1339 840 1379 in
877 1340 1069 1393 quolibet
1100 1340 1320 1381 hominum
1352 1348 1576 1389 conventu,

172 1412 367 1459 respectu
402 1406 676 1459 signatorum,
700 1421 857 1460 paucos
878 1407 1032 1447 videris
1068 1422 1152 1447 non
1186 1407 1383 1460 signatos.
1444 1408 1578 1448 Vide-

173 1472 299 1512 batur
339 1473 450 1513 enim
489 1480 691 1528 tanquam
732 1474 1009 1528 opprobrium
1042 1474 1176 1514 crucis
1218 1475 1418 1515 vindictae
1451 1475 1573 1515 istius

171 1539 281 1580 sicut
324 1540 513 1580 animum
561 1541 618 1581 sic
671 1548 713 1582 et
765 1542 1031 1595 signaculum
1080 1557 1164 1582 non
1205 1542 1442 1596 suscipere3
1501 1553 1576 1596 qui

170 1607 353 1648 feliciter
383 1608 557 1662 quidem
598 1615 640 1649 et
681 1609 908 1650 efficaciter
938 1609 1019 1663 ipsi
1049 1609 1230 1650 fuissent
1262 1611 1491 1664 obsequiis,
1525 1619 1575 1651 ut

169 1675 369 1724 creditur,
409 1675 600 1729 obligati,
634 1676 668 1716 si
707 1683 868 1717 tantam
907 1677 1159 1718 meruissent
1198 1679 1482 1732 persequendi
1533 1685 1576 1718 et

168 1743 416 1797 perficiendi
437 1743 630 1797 gratiam,
655 1752 856 1797 quantam
876 1745 1113 1785 habuerant
1133 1745 1403 1799 aggrediendi
1425 1746 1575 1785 volun-

169 1817 314 1851 tatem.
377 1810 558 1865 Propter
589 1812 831 1866 principum
864 1813 1023 1866 quippe
1061 1812 1310 1852 discordiam
1341 1812 1500 1866 pariter
1531 1820 1573 1852 et

170 1877 384 1926 invidiam,
400 1878 663 1932 aliorumque
681 1880 921 1933 superbiam
937 1887 980 1919 et
1000 1880 1293 1933 arrogantiam,
1309 1879 1478 1919 effectui
1496 1895 1573 1933 per

168 1944 263 1984 illos
297 1945 529 1999 mancipari
563 1946 735 1999 negotia
769 1953 898 1994 tanta,
922 1946 1032 1986 sicut
1064 1961 1119 1985 ex
1140 1953 1236 1999 post
1272 1946 1382 1986 facto
1405 1946 1570 1994 claruit,

168 2012 351 2065 peccatis
383 2013 648 2066 urgentibus,
686 2013 827 2053 divina
852 2013 1023 2067 justitia
1069 2028 1154 2053 non
1184 2013 1387 2067 permisit.
1451 2014 1571 2055 Quo-

169 2079 296 2129 niam,
318 2086 368 2120 ut
389 2079 448 2119 ait
470 2080 758 2129 Cassiodorus,
783 2083 809 2101 ‘⁶
823 2081 1008 2135 populus
1030 2087 1213 2121 armatus
1237 2080 1324 2120 sine
1347 2080 1442 2120 Dco
1460 2080 1571 2120 iner-

167 2146 287 2187 mis.”
348 2146 481 2187 Porro
504 2148 860 2201 quemadmodum
895 2154 983 2188 tota
1007 2147 1316 2197 Christianitas‚
1339 2154 1389 2187 ut
1409 2148 1569 2187 dictum

167 2221 243 2263 est,
283 2215 335 2254 ad
374 2215 713 2268 impugnandum
749 2222 791 2255 et
832 2216 1145 2264 vindicandum,
1187 2215 1245 2254 sic
1282 2222 1325 2255 et
1362 2216 1568 2255 universae

167 2282 359 2335 gentium
400 2281 592 2321 nationes
632 2288 675 2321 et
712 2281 945 2321 infidelium
997 2282 1147 2336 populi
1186 2282 1238 2321 ad
1288 2282 1566 2321 resistendum

168 2348 410 2388 excitantur
442 2354 485 2387 et
518 2348 824 2396 rebellandum,
844 2348 955 2388 unde
994 2356 1036 2388 et
1072 2356 1189 2388 tanta
1222 2355 1344 2388 terrae
1381 2349 1568 2389 turbatio

167 2422 371 2469 tantaque
391 2415 539 2454 mundi
561 2415 779 2455 concussio
816 2430 839 2455 a
872 2415 1019 2456 multis
1055 2423 1168 2456 retro
1205 2415 1369 2456 saeculis
1401 2425 1569 2457 nonest

168 2482 329 2522 audita.

213 2581 220 2599 ¹
241 2581 370 2614 Fourth
389 2581 527 2626 Sunday
546 2581 578 2613 in
599 2581 697 2615 Lcnt.
859 2582 863 2626 Ι
932 2581 944 2599 ²
969 2581 1021 2614 Dc
1040 2582 1219 2623 Vinosauf‚
1241 2583 1321 2616 ibid.
1341 2595 1372 2628 p.
1393 2585 1472 2617 258.

1409 2811 1428 2840 [C

1357 2821 1375 2840 Η
