<?xml version="1.0" encoding="UTF-8"?>
<!DOCTYPE html PUBLIC "-//W3C//DTD XHTML 1.0 Transitional//EN"
    "http://www.w3.org/TR/xhtml1/DTD/xhtml1-transitional.dtd">
<html xmlns="http://www.w3.org/1999/xhtml" xml:lang="en" lang="en">
 <head>
  <title>
</title>
<meta http-equiv="Content-Type" content="text/html;charset=utf-8" />
  <meta name='ocr-system' content='tesseract 3.04.00' />
  <meta name='ocr-capabilities' content='ocr_page ocr_carea ocr_par ocr_line ocrx_word'/>
</head>
<body>
  <div class='ocr_page' id='page_1' title='image "./giralduscambrens03girauoft_0075.png"; bbox 0 0 1908 3135; ppageno 0'>
   <div class='ocr_carea' id='block_1_1' title="bbox 485 236 1566 273">
    <p class='ocr_par' dir='ltr' id='par_1_1' title="bbox 485 236 1566 273">
     <span class='ocr_line' id='line_1_1' title="bbox 485 236 1566 273; baseline -0.003 -1"><span class='ocrx_word' id='word_1_1' title='bbox 485 242 549 273; x_wconf 87' lang='lat' dir='ltr'>DE</span> <span class='ocrx_word' id='word_1_2' title='bbox 584 241 932 273; x_wconf 87' lang='lat' dir='ltr'>INSTRUCTIONE</span> <span class='ocrx_word' id='word_1_3' title='bbox 970 241 1248 272; x_wconf 83' lang='lat' dir='ltr'><strong>PRINCIPUM.</strong></span> <span class='ocrx_word' id='word_1_4' title='bbox 1515 236 1566 271; x_wconf 59' lang='grc' dir='ltr'>ἔζη</span> 
     </span>
    </p>
   </div>
   <div class='ocr_carea' id='block_1_2' title="bbox 762 406 981 448">
    <p class='ocr_par' dir='ltr' id='par_1_2' title="bbox 762 406 981 448">
     <span class='ocr_line' id='line_1_2' title="bbox 762 406 981 448; baseline -0.005 0"><span class='ocrx_word' id='word_1_5' title='bbox 762 407 868 448; x_wconf 83' lang='lat' dir='ltr'>CAP.</span> <span class='ocrx_word' id='word_1_6' title='bbox 894 406 981 448; x_wconf 87' lang='lat' dir='ltr'>XI.</span> 
     </span>
    </p>
   </div>
   <div class='ocr_carea' id='block_1_3' title="bbox 170 505 1565 613">
    <p class='ocr_par' dir='ltr' id='par_1_3' title="bbox 170 505 1565 613">
     <span class='ocr_line' id='line_1_3' title="bbox 170 505 1565 559; baseline -0.001 -12"><span class='ocrx_word' id='word_1_7' title='bbox 170 507 238 547; x_wconf 83' lang='lat' dir='ltr'>De</span> <span class='ocrx_word' id='word_1_8' title='bbox 278 506 411 546; x_wconf 72' lang='lat' dir='ltr'>titulis</span> <span class='ocrx_word' id='word_1_9' title='bbox 456 506 625 545; x_wconf 76' lang='lat' dir='ltr'>Comitis</span> <span class='ocrx_word' id='word_1_10' title='bbox 664 505 871 557; x_wconf 74' lang='lat' dir='ltr'>Gmlfrecli</span> <span class='ocrx_word' id='word_1_11' title='bbox 911 511 951 544; x_wconf 78' lang='lat' dir='ltr'>et</span> <span class='ocrx_word' id='word_1_12' title='bbox 978 506 1136 557; x_wconf 77' lang='lat' dir='ltr'>fratris</span> <span class='ocrx_word' id='word_1_13' title='bbox 1180 506 1355 559; x_wconf 73' lang='lat' dir='ltr'>ejusdem</span> <span class='ocrx_word' id='word_1_14' title='bbox 1382 507 1565 559; x_wconf 76' lang='lat' dir='ltr'>junioris</span> 
     </span>
     <span class='ocr_line' id='line_1_4' title="bbox 673 574 1062 613; baseline 0 -1"><span class='ocrx_word' id='word_1_15' title='bbox 673 574 834 613; x_wconf 73' lang='lat' dir='ltr'>mixtim</span> <span class='ocrx_word' id='word_1_16' title='bbox 855 574 1062 612; x_wconf 76' lang='lat' dir='ltr'>consertis.</span> 
     </span>
    </p>
   </div>
   <div class='ocr_carea' id='block_1_4' title="bbox 111 660 1568 2664">
    <p class='ocr_par' dir='ltr' id='par_1_4' title="bbox 111 660 1568 2393">
     <span class='ocr_line' id='line_1_5' title="bbox 226 660 1567 716; baseline -0.001 -12"><span class='ocrx_word' id='word_1_17' title='bbox 226 661 362 704; x_wconf 85' lang='lat' dir='ltr'>QUOD</span> <span class='ocrx_word' id='word_1_18' title='bbox 397 660 530 715; x_wconf 87' lang='lat' dir='ltr'>igitur</span> <span class='ocrx_word' id='word_1_19' title='bbox 556 661 609 701; x_wconf 86' lang='lat' dir='ltr'>ad</span> <span class='ocrx_word' id='word_1_20' title='bbox 636 660 764 715; x_wconf 88' lang='lat' dir='ltr'>hujus</span> <span class='ocrx_word' id='word_1_21' title='bbox 801 675 972 714; x_wconf 88' lang='lat' dir='ltr'>quoque</span> <span class='ocrx_word' id='word_1_22' title='bbox 1004 660 1152 701; x_wconf 84' lang='lat' dir='ltr'>titulos</span> <span class='ocrx_word' id='word_1_23' title='bbox 1186 661 1403 715; x_wconf 82' lang='lat' dir='ltr'>praemissa</span> <span class='ocrx_word' id='word_1_24' title='bbox 1427 661 1567 716; x_wconf 89' lang='lat' dir='ltr'>Topo-</span> 
     </span>
     <span class='ocr_line' id='line_1_6' title="bbox 166 728 1565 783; baseline -0.001 -14"><span class='ocrx_word' id='word_1_25' title='bbox 166 729 355 783; x_wconf 84' lang='lat' dir='ltr'>graphiae</span> <span class='ocrx_word' id='word_1_26' title='bbox 378 728 624 769; x_wconf 88' lang='lat' dir='ltr'>Hibernicae</span> <span class='ocrx_word' id='word_1_27' title='bbox 649 728 860 782; x_wconf 81' lang='lat' dir='ltr'><strong>depromit</strong></span> <span class='ocrx_word' id='word_1_28' title='bbox 885 728 1078 768; x_wconf 79' lang='lat' dir='ltr'>Historia</span> <span class='ocrx_word' id='word_1_29' title='bbox 1106 743 1200 768; x_wconf 89' lang='lat' dir='ltr'>cum</span> <span class='ocrx_word' id='word_1_30' title='bbox 1221 728 1350 769; x_wconf 88' lang='lat' dir='ltr'>fratre</span> <span class='ocrx_word' id='word_1_31' title='bbox 1381 729 1565 778; x_wconf 84' lang='lat' dir='ltr'><strong>mixtim,</strong></span> 
     </span>
     <span class='ocr_line' id='line_1_7' title="bbox 168 794 1566 849; baseline 0 -13"><span class='ocrx_word' id='word_1_32' title='bbox 168 803 212 836; x_wconf 83' lang='lat' dir='ltr'>et</span> <span class='ocrx_word' id='word_1_33' title='bbox 242 796 310 836; x_wconf 92' lang='lat' dir='ltr'>hic</span> <span class='ocrx_word' id='word_1_34' title='bbox 347 796 530 836; x_wconf 86' lang='lat' dir='ltr'>inserere</span> <span class='ocrx_word' id='word_1_35' title='bbox 565 795 740 849; x_wconf 88' lang='lat' dir='ltr'>dignum</span> <span class='ocrx_word' id='word_1_36' title='bbox 774 795 895 835; x_wconf 82' lang='lat' dir='ltr'>duxi.</span> <span class='ocrx_word' id='word_1_37' title='bbox 957 794 1150 849; x_wconf 86' lang='lat' dir='ltr'>¹Dignas</span> <span class='ocrx_word' id='word_1_38' title='bbox 1186 810 1357 849; x_wconf 89' lang='lat' dir='ltr'>quoque</span> <span class='ocrx_word' id='word_1_39' title='bbox 1387 796 1566 836; x_wconf 89' lang='lat' dir='ltr'>duorum</span> 
     </span>
     <span class='ocr_line' id='line_1_8' title="bbox 168 862 1568 917; baseline 0.001 -14"><span class='ocrx_word' id='word_1_40' title='bbox 168 863 439 917; x_wconf 84' lang='lat' dir='ltr'>sequentium</span> <span class='ocrx_word' id='word_1_41' title='bbox 496 863 642 905; x_wconf 87' lang='lat' dir='ltr'>laudes</span> <span class='ocrx_word' id='word_1_42' title='bbox 693 862 1182 903; x_wconf 83' lang='lat' dir='ltr'>Armorica-Britannica</span> <span class='ocrx_word' id='word_1_43' title='bbox 1232 870 1275 903; x_wconf 83' lang='lat' dir='ltr'>et</span> <span class='ocrx_word' id='word_1_44' title='bbox 1333 863 1568 904; x_wconf 86' lang='lat' dir='ltr'>Hibernica</span> 
     </span>
     <span class='ocr_line' id='line_1_9' title="bbox 166 929 1566 984; baseline 0 -14"><span class='ocrx_word' id='word_1_45' title='bbox 166 945 296 984; x_wconf 86' lang='lat' dir='ltr'>regna</span> <span class='ocrx_word' id='word_1_46' title='bbox 328 930 602 984; x_wconf 85' lang='lat' dir='ltr'>proclamant.</span> <span class='ocrx_word' id='word_1_47' title='bbox 664 930 808 971; x_wconf 90' lang='lat' dir='ltr'>Ambo</span> <span class='ocrx_word' id='word_1_48' title='bbox 840 930 915 970; x_wconf 75' lang='lat' dir='ltr'>hi2</span> <span class='ocrx_word' id='word_1_49' title='bbox 944 936 1118 970; x_wconf 78' lang='lat' dir='ltr'>staturae</span> <span class='ocrx_word' id='word_1_50' title='bbox 1143 929 1320 970; x_wconf 81' lang='lat' dir='ltr'>modicae</span> <span class='ocrx_word' id='word_1_51' title='bbox 1351 930 1566 984; x_wconf 88' lang='lat' dir='ltr'>pauloque</span> 
     </span>
     <span class='ocr_line' id='line_1_10' title="bbox 166 997 1566 1054; baseline 0.002 -17"><span class='ocrx_word' id='word_1_52' title='bbox 166 997 367 1038; x_wconf 87' lang='lat' dir='ltr'>mediocri</span> <span class='ocrx_word' id='word_1_53' title='bbox 406 997 503 1052; x_wconf 90' lang='lat' dir='ltr'>plus</span> <span class='ocrx_word' id='word_1_54' title='bbox 537 997 720 1052; x_wconf 82' lang='lat' dir='ltr'>pusillae,</span> <span class='ocrx_word' id='word_1_55' title='bbox 757 1003 800 1036; x_wconf 92' lang='lat' dir='ltr'>et</span> <span class='ocrx_word' id='word_1_56' title='bbox 842 997 990 1037; x_wconf 84' lang='lat' dir='ltr'>formae</span> <span class='ocrx_word' id='word_1_57' title='bbox 1030 1012 1108 1052; x_wconf 87' lang='lat' dir='ltr'>pro</span> <span class='ocrx_word' id='word_1_58' title='bbox 1149 998 1398 1053; x_wconf 83' lang='lat' dir='ltr'>quantitatis</span> <span class='ocrx_word' id='word_1_59' title='bbox 1437 1007 1566 1054; x_wconf 85' lang='lat' dir='ltr'>captu</span> 
     </span>
     <span class='ocr_line' id='line_1_11' title="bbox 168 1064 1566 1119; baseline 0.002 -15"><span class='ocrx_word' id='word_1_60' title='bbox 168 1064 267 1105; x_wconf 90' lang='lat' dir='ltr'>satis</span> <span class='ocrx_word' id='word_1_61' title='bbox 287 1065 466 1106; x_wconf 81' lang='lat' dir='ltr'>idoneae.</span> <span class='ocrx_word' id='word_1_62' title='bbox 530 1064 699 1105; x_wconf 90' lang='lat' dir='ltr'>Horum</span> <span class='ocrx_word' id='word_1_63' title='bbox 724 1064 856 1118; x_wconf 86' lang='lat' dir='ltr'>igitur</span> <span class='ocrx_word' id='word_1_64' title='bbox 875 1064 982 1104; x_wconf 87' lang='lat' dir='ltr'>alter</span> <span class='ocrx_word' id='word_1_65' title='bbox 1000 1064 1232 1105; x_wconf 80' lang='lat' dir='ltr'>virtutibus</span> <span class='ocrx_word' id='word_1_66' title='bbox 1252 1065 1441 1119; x_wconf 86' lang='lat' dir='ltr'>insignis,</span> <span class='ocrx_word' id='word_1_67' title='bbox 1463 1067 1566 1107; x_wconf 84' lang='lat' dir='ltr'>titu-</span> 
     </span>
     <span class='ocr_line' id='line_1_12' title="bbox 111 1131 1566 1186; baseline 0.002 -15"><span class='ocrx_word' id='word_1_68' title='bbox 111 1152 115 1154; x_wconf 96' lang='lat'>·</span> <span class='ocrx_word' id='word_1_69' title='bbox 166 1132 304 1185; x_wconf 91' lang='lat' dir='ltr'>lisque</span> <span class='ocrx_word' id='word_1_70' title='bbox 357 1133 446 1186; x_wconf 89' lang='lat' dir='ltr'>jam</span> <span class='ocrx_word' id='word_1_71' title='bbox 496 1146 699 1180; x_wconf 91' lang='lat' dir='ltr'>summus,</span> <span class='ocrx_word' id='word_1_72' title='bbox 742 1139 786 1171; x_wconf 85' lang='lat' dir='ltr'>et</span> <span class='ocrx_word' id='word_1_73' title='bbox 837 1131 944 1171; x_wconf 85' lang='lat' dir='ltr'>alter</span> <span class='ocrx_word' id='word_1_74' title='bbox 996 1137 1098 1171; x_wconf 83' lang='lat' dir='ltr'>erat.</span> <span class='ocrx_word' id='word_1_75' title='bbox 1178 1131 1258 1171; x_wconf 74' lang='lat' dir='ltr'>Ille</span> <span class='ocrx_word' id='word_1_76' title='bbox 1312 1133 1566 1174; x_wconf 83' lang='lat' dir='ltr'>militaribus</span> 
     </span>
     <span class='ocr_line' id='line_1_13' title="bbox 167 1197 1564 1253; baseline 0.001 -14"><span class='ocrx_word' id='word_1_77' title='bbox 167 1198 348 1252; x_wconf 83' lang='lat' dir='ltr'>negotiis</span> <span class='ocrx_word' id='word_1_78' title='bbox 379 1199 503 1252; x_wconf 81' lang='lat' dir='ltr'>plene</span> <span class='ocrx_word' id='word_1_79' title='bbox 531 1198 780 1247; x_wconf 88' lang='lat' dir='ltr'>instructus,</span> <span class='ocrx_word' id='word_1_80' title='bbox 808 1198 877 1238; x_wconf 91' lang='lat' dir='ltr'>hic</span> <span class='ocrx_word' id='word_1_81' title='bbox 905 1197 1191 1238; x_wconf 85' lang='lat' dir='ltr'>instruendus.</span> <span class='ocrx_word' id='word_1_82' title='bbox 1252 1197 1331 1238; x_wconf 90' lang='lat' dir='ltr'>Ille</span> <span class='ocrx_word' id='word_1_83' title='bbox 1362 1199 1406 1238; x_wconf 91' lang='lat' dir='ltr'>in</span> <span class='ocrx_word' id='word_1_84' title='bbox 1437 1201 1564 1253; x_wconf 88' lang='lat' dir='ltr'>spica,</span> 
     </span>
     <span class='ocr_line' id='line_1_14' title="bbox 166 1264 1565 1321; baseline 0.001 -15"><span class='ocrx_word' id='word_1_85' title='bbox 166 1266 234 1306; x_wconf 90' lang='lat' dir='ltr'>hic</span> <span class='ocrx_word' id='word_1_86' title='bbox 274 1265 418 1306; x_wconf 90' lang='lat' dir='ltr'>messis</span> <span class='ocrx_word' id='word_1_87' title='bbox 458 1265 503 1305; x_wconf 91' lang='lat' dir='ltr'>in</span> <span class='ocrx_word' id='word_1_88' title='bbox 541 1265 687 1306; x_wconf 84' lang='lat' dir='ltr'>herba.</span> <span class='ocrx_word' id='word_1_89' title='bbox 763 1264 843 1305; x_wconf 90' lang='lat' dir='ltr'>Ille</span> <span class='ocrx_word' id='word_1_90' title='bbox 882 1265 927 1305; x_wconf 90' lang='lat' dir='ltr'>in</span> <span class='ocrx_word' id='word_1_91' title='bbox 972 1280 1018 1305; x_wconf 87' lang='lat' dir='ltr'>re</span> <span class='ocrx_word' id='word_1_92' title='bbox 1057 1279 1248 1318; x_wconf 78' lang='lat' dir='ltr'>magnUS‚</span> <span class='ocrx_word' id='word_1_93' title='bbox 1289 1265 1358 1305; x_wconf 88' lang='lat' dir='ltr'>hic</span> <span class='ocrx_word' id='word_1_94' title='bbox 1398 1266 1441 1305; x_wconf 86' lang='lat' dir='ltr'>in</span> <span class='ocrx_word' id='word_1_95' title='bbox 1492 1281 1565 1321; x_wconf 80' lang='lat' dir='ltr'>spe</span> 
     </span>
     <span class='ocr_line' id='line_1_15' title="bbox 166 1331 1567 1387; baseline 0 -14"><span class='ocrx_word' id='word_1_96' title='bbox 166 1332 512 1387; x_wconf 85' lang='lat' dir='ltr'>magnificandus.</span> <span class='ocrx_word' id='word_1_97' title='bbox 574 1331 653 1372; x_wconf 89' lang='lat' dir='ltr'>Ille</span> <span class='ocrx_word' id='word_1_98' title='bbox 687 1333 818 1386; x_wconf 82' lang='lat' dir='ltr'>stirpe</span> <span class='ocrx_word' id='word_1_99' title='bbox 851 1332 903 1372; x_wconf 88' lang='lat' dir='ltr'>ab</span> <span class='ocrx_word' id='word_1_100' title='bbox 945 1332 1105 1386; x_wconf 87' lang='lat' dir='ltr'>inclyta</span> <span class='ocrx_word' id='word_1_101' title='bbox 1146 1346 1233 1372; x_wconf 92' lang='lat' dir='ltr'>non</span> <span class='ocrx_word' id='word_1_102' title='bbox 1269 1333 1451 1385; x_wconf 76' lang='lat' dir='ltr'><strong>degener</strong></span> <span class='ocrx_word' id='word_1_103' title='bbox 1492 1348 1567 1373; x_wconf 91' lang='lat' dir='ltr'>no-</span> 
     </span>
     <span class='ocr_line' id='line_1_16' title="bbox 166 1399 1566 1454; baseline 0 -14"><span class='ocrx_word' id='word_1_104' title='bbox 166 1400 391 1441; x_wconf 88' lang='lat' dir='ltr'>bilissimos</span> <span class='ocrx_word' id='word_1_105' title='bbox 425 1399 576 1440; x_wconf 83' lang='lat' dir='ltr'>fratres</span> <span class='ocrx_word' id='word_1_106' title='bbox 605 1399 763 1440; x_wconf 86' lang='lat' dir='ltr'>virtute</span> <span class='ocrx_word' id='word_1_107' title='bbox 801 1413 879 1453; x_wconf 88' lang='lat' dir='ltr'>pro</span> <span class='ocrx_word' id='word_1_108' title='bbox 915 1399 1077 1440; x_wconf 84' lang='lat' dir='ltr'>viribus</span> <span class='ocrx_word' id='word_1_109' title='bbox 1120 1400 1426 1454; x_wconf 80' lang='lat' dir='ltr'>aequiparavit:</span> <span class='ocrx_word' id='word_1_110' title='bbox 1468 1400 1566 1440; x_wconf 87' lang='lat' dir='ltr'>huic</span> 
     </span>
     <span class='ocr_line' id='line_1_17' title="bbox 166 1466 1567 1522; baseline -0.001 -14"><span class='ocrx_word' id='word_1_111' title='bbox 166 1468 218 1508; x_wconf 89' lang='lat' dir='ltr'>ab</span> <span class='ocrx_word' id='word_1_112' title='bbox 260 1474 444 1521; x_wconf 85' lang='lat' dir='ltr'>utroque</span> <span class='ocrx_word' id='word_1_113' title='bbox 489 1473 665 1522; x_wconf 87' lang='lat' dir='ltr'>parente</span> <span class='ocrx_word' id='word_1_114' title='bbox 705 1466 838 1507; x_wconf 84' lang='lat' dir='ltr'>virtus</span> <span class='ocrx_word' id='word_1_115' title='bbox 886 1466 1149 1520; x_wconf 81' lang='lat' dir='ltr'>originaliter</span> <span class='ocrx_word' id='word_1_116' title='bbox 1194 1467 1351 1507; x_wconf 85' lang='lat' dir='ltr'>inserta</span> <span class='ocrx_word' id='word_1_117' title='bbox 1400 1482 1477 1508; x_wconf 88' lang='lat' dir='ltr'>suo</span> <span class='ocrx_word' id='word_1_118' title='bbox 1522 1469 1567 1508; x_wconf 93' lang='lat' dir='ltr'>in</span> 
     </span>
     <span class='ocr_line' id='line_1_18' title="bbox 166 1533 1568 1589; baseline -0.001 -13"><span class='ocrx_word' id='word_1_119' title='bbox 166 1542 356 1589; x_wconf 84' lang='lat' dir='ltr'>tempore</span> <span class='ocrx_word' id='word_1_120' title='bbox 390 1535 644 1588; x_wconf 80' lang='lat' dir='ltr'>degenerare</span> <span class='ocrx_word' id='word_1_121' title='bbox 678 1549 764 1574; x_wconf 92' lang='lat' dir='ltr'>non</span> <span class='ocrx_word' id='word_1_122' title='bbox 803 1533 975 1588; x_wconf 87' lang='lat' dir='ltr'>poterit.</span> <span class='ocrx_word' id='word_1_123' title='bbox 1038 1533 1117 1573; x_wconf 88' lang='lat' dir='ltr'>Ille</span> <span class='ocrx_word' id='word_1_124' title='bbox 1153 1549 1251 1574; x_wconf 86' lang='lat' dir='ltr'>vero</span> <span class='ocrx_word' id='word_1_125' title='bbox 1287 1533 1489 1587; x_wconf 88' lang='lat' dir='ltr'>eloquens</span> <span class='ocrx_word' id='word_1_126' title='bbox 1525 1542 1568 1575; x_wconf 87' lang='lat' dir='ltr'>et</span> 
     </span>
     <span class='ocr_line' id='line_1_19' title="bbox 167 1601 1565 1657; baseline -0.002 -13"><span class='ocrx_word' id='word_1_127' title='bbox 167 1610 346 1653; x_wconf 83' lang='lat' dir='ltr'>astutus,</span> <span class='ocrx_word' id='word_1_128' title='bbox 370 1609 413 1643; x_wconf 89' lang='lat' dir='ltr'>et</span> <span class='ocrx_word' id='word_1_129' title='bbox 433 1602 534 1657; x_wconf 87' lang='lat' dir='ltr'>quia</span> <span class='ocrx_word' id='word_1_130' title='bbox 555 1603 605 1642; x_wconf 91' lang='lat' dir='ltr'>de</span> <span class='ocrx_word' id='word_1_131' title='bbox 627 1602 741 1642; x_wconf 88' lang='lat' dir='ltr'>facili</span> <span class='ocrx_word' id='word_1_132' title='bbox 764 1601 855 1642; x_wconf 88' lang='lat' dir='ltr'>falli</span> <span class='ocrx_word' id='word_1_133' title='bbox 886 1616 972 1642; x_wconf 92' lang='lat' dir='ltr'>non</span> <span class='ocrx_word' id='word_1_134' title='bbox 1002 1601 1159 1655; x_wconf 82' lang='lat' dir='ltr'>potuit,</span> <span class='ocrx_word' id='word_1_135' title='bbox 1181 1601 1327 1642; x_wconf 82' lang='lat' dir='ltr'>fallere</span> <span class='ocrx_word' id='word_1_136' title='bbox 1355 1603 1390 1642; x_wconf 89' lang='lat' dir='ltr'>si</span> <span class='ocrx_word' id='word_1_137' title='bbox 1420 1602 1565 1652; x_wconf 83' lang='lat' dir='ltr'>nollet,</span> 
     </span>
     <span class='ocr_line' id='line_1_20' title="bbox 166 1668 1567 1725; baseline -0.001 -14"><span class='ocrx_word' id='word_1_138' title='bbox 166 1670 533 1725; x_wconf 87' lang='lat' dir='ltr'>prudentissimus.</span> <span class='ocrx_word' id='word_1_139' title='bbox 595 1670 776 1710; x_wconf 88' lang='lat' dir='ltr'>Duabus</span> <span class='ocrx_word' id='word_1_140' title='bbox 800 1669 978 1718; x_wconf 89' lang='lat' dir='ltr'>militiis,</span> <span class='ocrx_word' id='word_1_141' title='bbox 1003 1668 1261 1722; x_wconf 86' lang='lat' dir='ltr'>diversisque</span> <span class='ocrx_word' id='word_1_142' title='bbox 1282 1669 1457 1718; x_wconf 85' lang='lat' dir='ltr'>naturis,</span> <span class='ocrx_word' id='word_1_143' title='bbox 1481 1676 1567 1709; x_wconf 83' lang='lat' dir='ltr'>tam</span> 
     </span>
     <span class='ocr_line' id='line_1_21' title="bbox 167 1734 1567 1792; baseline -0.002 -14"><span class='ocrx_word' id='word_1_144' title='bbox 167 1738 366 1792; x_wconf 86' lang='lat' dir='ltr'>Ulyssem</span> <span class='ocrx_word' id='word_1_145' title='bbox 418 1736 649 1791; x_wconf 83' lang='lat' dir='ltr'>praeferens</span> <span class='ocrx_word' id='word_1_146' title='bbox 701 1750 828 1789; x_wconf 87' lang='lat' dir='ltr'>quam</span> <span class='ocrx_word' id='word_1_147' title='bbox 876 1735 1103 1785; x_wconf 87' lang='lat' dir='ltr'>Achillem,</span> <span class='ocrx_word' id='word_1_148' title='bbox 1145 1734 1271 1788; x_wconf 85' lang='lat' dir='ltr'>(proh</span> <span class='ocrx_word' id='word_1_149' title='bbox 1322 1735 1472 1788; x_wconf 87' lang='lat' dir='ltr'>dolo1·,)</span> <span class='ocrx_word' id='word_1_150' title='bbox 1523 1735 1567 1775; x_wconf 90' lang='lat' dir='ltr'>in</span> 
     </span>
     <span class='ocr_line' id='line_1_22' title="bbox 166 1801 1566 1859; baseline -0.002 -14"><span class='ocrx_word' id='word_1_151' title='bbox 166 1812 330 1859; x_wconf 85' lang='lat' dir='ltr'>patrem</span> <span class='ocrx_word' id='word_1_152' title='bbox 351 1819 515 1858; x_wconf 81' lang='lat' dir='ltr'>semper</span> <span class='ocrx_word' id='word_1_153' title='bbox 545 1803 734 1856; x_wconf 87' lang='lat' dir='ltr'>ingratus</span> <span class='ocrx_word' id='word_1_154' title='bbox 756 1803 958 1852; x_wconf 82' lang='lat' dir='ltr'>existens,</span> <span class='ocrx_word' id='word_1_155' title='bbox 981 1802 1208 1855; x_wconf 83' lang='lat' dir='ltr'>magnique</span> <span class='ocrx_word' id='word_1_156' title='bbox 1229 1801 1370 1841; x_wconf 88' lang='lat' dir='ltr'>fratris</span> <span class='ocrx_word' id='word_1_157' title='bbox 1389 1802 1566 1855; x_wconf 82' lang='lat' dir='ltr'>vestigia</span> 
     </span>
     <span class='ocr_line' id='line_1_23' title="bbox 166 1868 1566 1924; baseline -0.003 -12"><span class='ocrx_word' id='word_1_158' title='bbox 166 1872 292 1912; x_wconf 89' lang='lat' dir='ltr'>nimis</span> <span class='ocrx_word' id='word_1_159' title='bbox 322 1871 367 1911; x_wconf 91' lang='lat' dir='ltr'>in</span> <span class='ocrx_word' id='word_1_160' title='bbox 403 1871 482 1911; x_wconf 90' lang='lat' dir='ltr'>hoc</span> <span class='ocrx_word' id='word_1_161' title='bbox 514 1884 711 1924; x_wconf 82' lang='lat' dir='ltr'>expressa</span> <span class='ocrx_word' id='word_1_162' title='bbox 752 1883 961 1923; x_wconf 82' lang='lat' dir='ltr'>sequens3</span> <span class='ocrx_word' id='word_1_163' title='bbox 1004 1868 1102 1923; x_wconf 92' lang='lat' dir='ltr'>plus</span> <span class='ocrx_word' id='word_1_164' title='bbox 1140 1869 1253 1908; x_wconf 87' lang='lat' dir='ltr'>aloes</span> <span class='ocrx_word' id='word_1_165' title='bbox 1291 1868 1407 1909; x_wconf 87' lang='lat' dir='ltr'>intus</span> <span class='ocrx_word' id='word_1_166' title='bbox 1439 1883 1566 1921; x_wconf 87' lang='lat' dir='ltr'>quam</span> 
     </span>
     <span class='ocr_line' id='line_1_24' title="bbox 166 1935 1566 1989; baseline -0.002 -10"><span class='ocrx_word' id='word_1_167' title='bbox 166 1939 302 1979; x_wconf 90' lang='lat' dir='ltr'>mellis</span> <span class='ocrx_word' id='word_1_168' title='bbox 332 1938 504 1978; x_wconf 82' lang='lat' dir='ltr'>habens.</span> <span class='ocrx_word' id='word_1_169' title='bbox 567 1936 619 1976; x_wconf 90' lang='lat' dir='ltr'>In</span> <span class='ocrx_word' id='word_1_170' title='bbox 640 1936 747 1977; x_wconf 89' lang='lat' dir='ltr'>facie</span> <span class='ocrx_word' id='word_1_171' title='bbox 767 1950 865 1976; x_wconf 88' lang='lat' dir='ltr'>vero</span> <span class='ocrx_word' id='word_1_172' title='bbox 888 1935 1053 1976; x_wconf 90' lang='lat' dir='ltr'>mollito</span> <span class='ocrx_word' id='word_1_173' title='bbox 1075 1950 1201 1989; x_wconf 87' lang='lat' dir='ltr'>super</span> <span class='ocrx_word' id='word_1_174' title='bbox 1221 1935 1361 1975; x_wconf 90' lang='lat' dir='ltr'>oleum</span> <span class='ocrx_word' id='word_1_175' title='bbox 1391 1935 1566 1976; x_wconf 87' lang='lat' dir='ltr'>effluens</span> 
     </span>
     <span class='ocr_line' id='line_1_25' title="bbox 166 2001 1566 2057; baseline -0.003 -11"><span class='ocrx_word' id='word_1_176' title='bbox 166 2020 371 2054; x_wconf 86' lang='lat' dir='ltr'>sermone,</span> <span class='ocrx_word' id='word_1_177' title='bbox 413 2004 530 2044; x_wconf 88' lang='lat' dir='ltr'>suavi</span> <span class='ocrx_word' id='word_1_178' title='bbox 580 2018 751 2057; x_wconf 89' lang='lat' dir='ltr'>quoque</span> <span class='ocrx_word' id='word_1_179' title='bbox 799 2002 1011 2056; x_wconf 87' lang='lat' dir='ltr'>suadaque</span> <span class='ocrx_word' id='word_1_180' title='bbox 1055 2002 1255 2042; x_wconf 86' lang='lat' dir='ltr'>facundia</span> <span class='ocrx_word' id='word_1_181' title='bbox 1301 2001 1566 2043; x_wconf 86' lang='lat' dir='ltr'>diffoederare</span> 
     </span>
     <span class='ocr_line' id='line_1_26' title="bbox 165 2069 1565 2127; baseline -0.003 -14"><span class='ocrx_word' id='word_1_182' title='bbox 165 2073 398 2127; x_wconf 81' lang='lat' dir='ltr'>praevalens</span> <span class='ocrx_word' id='word_1_183' title='bbox 419 2071 777 2126; x_wconf 87' lang='lat' dir='ltr'>conjunctissima,</span> <span class='ocrx_word' id='word_1_184' title='bbox 795 2069 1026 2124; x_wconf 84' lang='lat' dir='ltr'>linguaque</span> <span class='ocrx_word' id='word_1_185' title='bbox 1047 2076 1199 2123; x_wconf 84' lang='lat' dir='ltr'>potens</span> <span class='ocrx_word' id='word_1_186' title='bbox 1222 2069 1306 2109; x_wconf 90' lang='lat' dir='ltr'>duo</span> <span class='ocrx_word' id='word_1_187' title='bbox 1327 2084 1456 2123; x_wconf 88' lang='lat' dir='ltr'>regna</span> <span class='ocrx_word' id='word_1_188' title='bbox 1477 2084 1565 2110; x_wconf 90' lang='lat' dir='ltr'>cor-</span> 
     </span>
     <span class='ocr_line' id='line_1_27' title="bbox 165 2137 1564 2195; baseline -0.003 -14"><span class='ocrx_word' id='word_1_189' title='bbox 165 2155 377 2195; x_wconf 88' lang='lat' dir='ltr'>rumpere,</span> <span class='ocrx_word' id='word_1_190' title='bbox 391 2139 574 2181; x_wconf 89' lang='lat' dir='ltr'>mirabili</span> <span class='ocrx_word' id='word_1_191' title='bbox 591 2138 799 2179; x_wconf 88' lang='lat' dir='ltr'>industria</span> <span class='ocrx_word' id='word_1_192' title='bbox 811 2152 953 2177; x_wconf 88' lang='lat' dir='ltr'>rerum</span> <span class='ocrx_word' id='word_1_193' title='bbox 966 2137 1156 2177; x_wconf 91' lang='lat' dir='ltr'>omnium</span> <span class='ocrx_word' id='word_1_194' title='bbox 1169 2137 1401 2187; x_wconf 88' lang='lat' dir='ltr'>simulator,</span> <span class='ocrx_word' id='word_1_195' title='bbox 1411 2137 1564 2187; x_wconf 84' lang='lat' dir='ltr'>varius,</span> 
     </span>
     <span class='ocr_line' id='line_1_28' title="bbox 167 2204 1564 2259; baseline -0.004 -11"><span class='ocrx_word' id='word_1_196' title='bbox 167 2214 211 2248; x_wconf 85' lang='lat' dir='ltr'>et</span> <span class='ocrx_word' id='word_1_197' title='bbox 241 2207 539 2248; x_wconf 86' lang='lat' dir='ltr'>dissimulator.</span> <span class='ocrx_word' id='word_1_198' title='bbox 601 2205 686 2246; x_wconf 88' lang='lat' dir='ltr'>Sed</span> <span class='ocrx_word' id='word_1_199' title='bbox 719 2204 919 2259; x_wconf 89' lang='lat' dir='ltr'>quoniam</span> <span class='ocrx_word' id='word_1_200' title='bbox 949 2204 1012 2244; x_wconf 88' lang='lat' dir='ltr'>vir</span> <span class='ocrx_word' id='word_1_201' title='bbox 1044 2204 1263 2257; x_wconf 86' lang='lat' dir='ltr'>linguosus</span> <span class='ocrx_word' id='word_1_202' title='bbox 1298 2212 1341 2244; x_wconf 86' lang='lat' dir='ltr'>et</span> <span class='ocrx_word' id='word_1_203' title='bbox 1374 2204 1564 2257; x_wconf 86' lang='lat' dir='ltr'>ingratus</span> 
     </span>
     <span class='ocr_line' id='line_1_29' title="bbox 166 2270 1563 2326; baseline -0.003 -12"><span class='ocrx_word' id='word_1_204' title='bbox 166 2288 251 2314; x_wconf 92' lang='lat' dir='ltr'>non</span> <span class='ocrx_word' id='word_1_205' title='bbox 273 2273 479 2326; x_wconf 84' lang='lat' dir='ltr'>dirigetur</span> <span class='ocrx_word' id='word_1_206' title='bbox 504 2272 549 2312; x_wconf 90' lang='lat' dir='ltr'>in</span> <span class='ocrx_word' id='word_1_207' title='bbox 570 2278 694 2320; x_wconf 83' lang='lat' dir='ltr'>terra,</span> <span class='ocrx_word' id='word_1_208' title='bbox 717 2271 928 2311; x_wconf 88' lang='lat' dir='ltr'>Dominus</span> <span class='ocrx_word' id='word_1_209' title='bbox 959 2285 1043 2311; x_wconf 90' lang='lat' dir='ltr'>non</span> <span class='ocrx_word' id='word_1_210' title='bbox 1073 2270 1232 2310; x_wconf 79' lang='lat' dir='ltr'>direxit</span> <span class='ocrx_word' id='word_1_211' title='bbox 1252 2271 1337 2311; x_wconf 87' lang='lat' dir='ltr'>vias</span> <span class='ocrx_word' id='word_1_212' title='bbox 1359 2272 1464 2325; x_wconf 87' lang='lat' dir='ltr'>ejus,</span> <span class='ocrx_word' id='word_1_213' title='bbox 1487 2286 1563 2311; x_wconf 85' lang='lat' dir='ltr'>nec</span> 
     </span>
     <span class='ocr_line' id='line_1_30' title="bbox 166 2338 703 2393; baseline -0.007 -12"><span class='ocrx_word' id='word_1_214' title='bbox 166 2339 466 2393; x_wconf 86' lang='lat' dir='ltr'>multiplicavit</span> <span class='ocrx_word' id='word_1_215' title='bbox 487 2338 576 2378; x_wconf 85' lang='lat' dir='ltr'>dies</span> <span class='ocrx_word' id='word_1_216' title='bbox 597 2338 703 2391; x_wconf 87' lang='lat' dir='ltr'>ejus.</span> 
     </span>
    </p>

    <p class='ocr_par' dir='ltr' id='par_1_5' title="bbox 165 2402 1564 2664">
     <span class='ocr_line' id='line_1_31' title="bbox 227 2402 1564 2457; baseline -0.004 -10"><span class='ocrx_word' id='word_1_217' title='bbox 227 2407 296 2447; x_wconf 87' lang='lat' dir='ltr'>Sic</span> <span class='ocrx_word' id='word_1_218' title='bbox 316 2420 414 2447; x_wconf 88' lang='lat' dir='ltr'>vero</span> <span class='ocrx_word' id='word_1_219' title='bbox 434 2405 567 2445; x_wconf 86' lang='lat' dir='ltr'>fluxae</span> <span class='ocrx_word' id='word_1_220' title='bbox 588 2403 875 2457; x_wconf 84' lang='lat' dir='ltr'>ferventisque</span> <span class='ocrx_word' id='word_1_221' title='bbox 891 2404 1082 2457; x_wconf 79' lang='lat' dir='ltr'>juventae</span> <span class='ocrx_word' id='word_1_222' title='bbox 1104 2410 1189 2444; x_wconf 88' lang='lat' dir='ltr'>tam</span> <span class='ocrx_word' id='word_1_223' title='bbox 1210 2403 1373 2457; x_wconf 83' lang='lat' dir='ltr'>laqueis</span> <span class='ocrx_word' id='word_1_224' title='bbox 1398 2402 1564 2443; x_wconf 87' lang='lat' dir='ltr'>illectus</span> 
     </span>
     <span class='ocr_line' id='line_1_32' title="bbox 168 2470 1564 2531; baseline -0.005 -14"><span class='ocrx_word' id='word_1_225' title='bbox 168 2491 296 2531; x_wconf 90' lang='lat' dir='ltr'>quam</span> <span class='ocrx_word' id='word_1_226' title='bbox 326 2474 509 2516; x_wconf 90' lang='lat' dir='ltr'>stimulis</span> <span class='ocrx_word' id='word_1_227' title='bbox 538 2473 742 2522; x_wconf 89' lang='lat' dir='ltr'>irretitus,</span> <span class='ocrx_word' id='word_1_228' title='bbox 767 2476 966 2513; x_wconf 82' lang='lat' dir='ltr'>“caereus</span> <span class='ocrx_word' id='word_1_229' title='bbox 996 2471 1040 2511; x_wconf 90' lang='lat' dir='ltr'>in</span> <span class='ocrx_word' id='word_1_230' title='bbox 1060 2471 1211 2512; x_wconf 85' lang='lat' dir='ltr'>vitium</span> <span class='ocrx_word' id='word_1_231' title='bbox 1231 2470 1360 2519; x_wconf 90' lang='lat' dir='ltr'>flecti,</span> <span class='ocrx_word' id='word_1_232' title='bbox 1381 2470 1564 2511; x_wconf 89' lang='lat' dir='ltr'>monito-</span> 
     </span>
     <span class='ocr_line' id='line_1_33' title="bbox 165 2538 1562 2597; baseline -0.006 -12"><span class='ocrx_word' id='word_1_233' title='bbox 165 2545 283 2585; x_wconf 86' lang='lat' dir='ltr'>ribus</span> <span class='ocrx_word' id='word_1_234' title='bbox 320 2541 497 2597; x_wconf 85' lang='lat' dir='ltr'>asper;”</span> <span class='ocrx_word' id='word_1_235' title='bbox 519 2540 701 2595; x_wconf 85' lang='lat' dir='ltr'>tempori</span> <span class='ocrx_word' id='word_1_236' title='bbox 732 2555 774 2580; x_wconf 90' lang='lat' dir='ltr'>se</span> <span class='ocrx_word' id='word_1_237' title='bbox 804 2538 1081 2588; x_wconf 86' lang='lat' dir='ltr'>conformans,</span> <span class='ocrx_word' id='word_1_238' title='bbox 1104 2545 1147 2578; x_wconf 93' lang='lat' dir='ltr'>et</span> <span class='ocrx_word' id='word_1_239' title='bbox 1176 2544 1340 2578; x_wconf 77' lang='lat' dir='ltr'>naturae</span> <span class='ocrx_word' id='word_1_240' title='bbox 1375 2538 1562 2577; x_wconf 84' lang='lat' dir='ltr'>motibus</span> 
     </span>
     <span class='ocr_line' id='line_1_34' title="bbox 166 2603 1563 2664; baseline -0.006 -12"><span class='ocrx_word' id='word_1_241' title='bbox 166 2626 251 2653; x_wconf 91' lang='lat' dir='ltr'>non</span> <span class='ocrx_word' id='word_1_242' title='bbox 283 2623 555 2664; x_wconf 83' lang='lat' dir='ltr'>repugnans3</span> <span class='ocrx_word' id='word_1_243' title='bbox 599 2606 760 2647; x_wconf 87' lang='lat' dir='ltr'>ratione</span> <span class='ocrx_word' id='word_1_244' title='bbox 801 2605 1010 2659; x_wconf 87' lang='lat' dir='ltr'>siquidem</span> <span class='ocrx_word' id='word_1_245' title='bbox 1047 2605 1198 2654; x_wconf 84' lang='lat' dir='ltr'>aetatis,</span> <span class='ocrx_word' id='word_1_246' title='bbox 1239 2603 1428 2644; x_wconf 88' lang='lat' dir='ltr'>mollitiis</span> <span class='ocrx_word' id='word_1_247' title='bbox 1467 2604 1563 2644; x_wconf 92' lang='lat' dir='ltr'>hac-</span> 
     </span>
    </p>
   </div>
   <div class='ocr_carea' id='block_1_5' title="bbox 215 2707 1411 2756">
    <p class='ocr_par' dir='ltr' id='par_1_6' title="bbox 215 2707 1411 2756">
     <span class='ocr_line' id='line_1_35' title="bbox 215 2707 1411 2756; baseline -0.005 -11"><span class='ocrx_word' id='word_1_248' title='bbox 215 2713 224 2730; x_wconf 91' lang='lat'>¹</span> <span class='ocrx_word' id='word_1_249' title='bbox 243 2713 306 2745; x_wconf 83' lang='lat' dir='ltr'>See</span> <span class='ocrx_word' id='word_1_250' title='bbox 320 2711 377 2745; x_wconf 87' lang='lat' dir='ltr'>the</span> <span class='ocrx_word' id='word_1_251' title='bbox 393 2710 630 2756; x_wconf 78' lang='lat' dir='ltr'>Topographia</span> <span class='ocrx_word' id='word_1_252' title='bbox 649 2709 832 2752; x_wconf 88' lang='lat' dir='ltr'>Hiberniae,</span> <span class='ocrx_word' id='word_1_253' title='bbox 946 2708 958 2726; x_wconf 78' lang='lat'><em>²</em></span> <span class='ocrx_word' id='word_1_254' title='bbox 983 2720 1029 2743; x_wconf 80' lang='lat' dir='ltr'>sc.</span> <span class='ocrx_word' id='word_1_255' title='bbox 1048 2708 1208 2753; x_wconf 85' lang='lat' dir='ltr'>Gcoffrey</span> <span class='ocrx_word' id='word_1_256' title='bbox 1225 2707 1290 2740; x_wconf 88' lang='lat' dir='ltr'>and</span> <span class='ocrx_word' id='word_1_257' title='bbox 1309 2707 1411 2740; x_wconf 84' lang='lat' dir='ltr'>John.</span> 
     </span>
    </p>
   </div>
   <div class='ocr_carea' id='block_1_6' title="bbox 167 2759 1424 2830">
    <p class='ocr_par' dir='ltr' id='par_1_7' title="bbox 167 2759 1424 2830">
     <span class='ocr_line' id='line_1_36' title="bbox 167 2759 299 2804; baseline -0.008 -12"><span class='ocrx_word' id='word_1_258' title='bbox 167 2770 200 2804; x_wconf 89' lang='lat' dir='ltr'>p.</span> <span class='ocrx_word' id='word_1_259' title='bbox 220 2759 299 2793; x_wconf 88' lang='grc'><strong>753.</strong></span> 
     </span>
     <span class='ocr_line' id='line_1_37' title="bbox 1357 2799 1424 2830; baseline 0 0"><span class='ocrx_word' id='word_1_260' title='bbox 1357 2809 1378 2830; x_wconf 84' lang='grc'>1)</span> <span class='ocrx_word' id='word_1_261' title='bbox 1404 2799 1424 2830; x_wconf 80' lang='lat'><strong>2</strong></span> 
     </span>
    </p>
   </div>
   <div class='ocr_carea' id='block_1_7' title="bbox 1585 673 1712 731">
    <p class='ocr_par' dir='ltr' id='par_1_8' title="bbox 1585 673 1712 731">
     <span class='ocr_line' id='line_1_38' title="bbox 1587 673 1712 698; baseline 0.008 -1"><span class='ocrx_word' id='word_1_262' title='bbox 1587 673 1637 697; x_wconf 64' lang='lat' dir='ltr'>nis</span> <span class='ocrx_word' id='word_1_263' title='bbox 1651 674 1712 698; x_wconf 82' lang='lat' dir='ltr'>cha-</span> 
     </span>
     <span class='ocr_line' id='line_1_39' title="bbox 1585 710 1680 731; baseline 0.011 -1"><span class='ocrx_word' id='word_1_264' title='bbox 1585 710 1680 731; x_wconf 84' lang='lat' dir='ltr'>racter.</span> 
     </span>
    </p>
   </div>
  </div>
 </body>
</html>
