1908 3135
516 222 579 252 DE
614 219 966 267 INsTRUc'rIONE
1001 220 1284 253 PRINCIPUM.
1514 217 1592 255 131

199 321 396 370 destinat,
430 321 503 375 qui
536 321 651 375 pacis
687 320 867 370 obsides,
890 320 1030 360 forum
1051 320 1277 370 venalium,
1309 335 1435 361 naves
1467 328 1599 363 trans-

199 388 402 428 vectorias
424 387 664 428 transituris
686 388 952 442 promittant.

257 455 505 509 Imperator,
546 455 647 495 licet
677 469 848 494 suorum
889 453 1063 508 plurimi
1104 469 1251 508 pacem
1285 470 1597 509 quamcumque

197 537 293 562 cum
334 530 514 575 tyranno
553 522 706 575 pacisci
747 521 973 561 molestum
1013 529 1228 574 putarent,
1263 522 1415 562 maluit
1456 530 1595 564 tamen

196 590 338 630 soedus
368 589 474 629 inire
512 589 701 629 oblatum
739 603 865 642 quam
903 588 1070 628 differre
1102 589 1394 643 propositum3
1433 596 1477 629 et
1507 591 1596 644 jam

194 656 377 696 instante
417 656 577 696 Pascha
616 671 730 696 mare
768 655 876 695 illud
916 655 1111 695 strictum
1148 656 1446 704 transvehitur,
1482 658 1595 710 quod

196 723 425 763 Brachium
464 723 609 763 Sancti
650 722 828 777 Georgii
868 722 1026 762 usitato
1061 722 1267 763 vocabulo
1307 732 1593 778 nuncupatur.

196 790 291 830 Hoc
311 805 438 839 mare,
462 791 562 831 licet
594 790 730 844 spatio
752 789 998 843 angustiore
1021 795 1299 840 contractum,
1322 805 1407 830 non
1439 791 1591 831 humili

195 865 335 898 tamen
361 857 494 910 gloria
523 857 777 911 insignitum
802 857 917 910 quod
948 857 1098 896 urbem
1130 863 1291 897 tantam
1323 858 1592 911 praeterfluit,

194 932 238 965 et
288 924 399 964 orbis
450 924 609 978 gemini
649 923 872 964 discrimen
914 923 1086 973 faciens,
1139 930 1224 964 tam
1266 924 1411 965 Asiam
1463 939 1590 979 quam

191 992 409 1046 Europam
431 991 649 1032 delambit.

758 1125 865 1167 CAP.
889 1125 1029 1167 XXI.

190 1222 258 1260 De
294 1219 452 1272 fraude
493 1219 667 1259 Soldam'
712 1219 850 1259 Iconii
881 1225 921 1258 et
953 1225 1065 1258 terra
1096 1220 1227 1272 ipsius
1256 1226 1355 1269 tota,
1393 1220 1520 1259 armis
1555 1226 1593 1258 et

247 1293 400 1342 inedia,
415 1292 622 1346 periculis
642 1292 783 1331 multis
804 1292 1002 1345 bellisque
1012 1293 1109 1344 fere
1131 1293 1333 1332 continuis
1355 1299 1593 1345 transpene-

248 1367 376 1409 trata,
399 1361 547 1400 animis
579 1359 740 1414 quidem
773 1365 813 1399 et
849 1360 1126 1409 animositate,
1154 1360 1389 1414 yramliqne
1420 1360 1593 1399 hostium

246 1434 400 1481 straye,
420 1429 490 1467 via
503 1429 696 1481 Ῥιπαῖα)

246 1526 488 1567 SOLDANUS
512 1525 663 1574 Iconii,
678 1525 741 1565 vir
763 1525 966 1565 subdolus
989 1532 1032 1565 et
1052 1525 1300 1577 sanguinem
1324 1524 1586 1566 Christiano-

186 1609 282 1635 rum
314 1595 474 1643 sitiens,
498 1594 681 1647 quodam
710 1592 871 1632 fraudis
905 1599 1140 1646 praetextu,
1171 1607 1268 1632 cum
1300 1593 1455 1633 nostris
1484 1594 1586 1634 ami-

186 1662 329 1703 citiam
364 1661 579 1710 simulans,
612 1667 662 1700 ut
695 1660 929 1713 malignum
961 1659 1089 1699 animi
1122 1660 1234 1699 virus
1267 1660 1482 1700 occultans
1515 1676 1585 1701 eos

187 1729 220 1769 si
258 1735 401 1783 posset
434 1728 626 1769 incautos
663 1727 891 1781 disperdat,
924 1726 1086 1766 nuntiis
1132 1741 1230 1766 sane
1274 1727 1326 1766 ad
1358 1727 1583 1777 Caesarem,

187 1810 283 1836 cum
323 1796 459 1836 adhuc
498 1796 543 1835 in
584 1794 755 1836 Graecia
794 1794 980 1848 degeret,
1022 1809 1105 1834 non
1147 1794 1276 1834 semel
1315 1794 1584 1844 transmissis,

185 1870 419 1903 morantem
453 1863 726 1903 suscitaverat
756 1868 806 1902 ut
825 1861 1000 1901 veniret.
1064 1861 1240 1901 Graecos
1267 1868 1309 1901 et
1332 1861 1585 1902 Graecorum

184 1931 418 1985 principem
459 1931 510 1970 de
550 1930 646 1970 dolo
686 1943 900 1978 accusans,
941 1943 983 1968 se
1022 1927 1271 1968 Christianis
1302 1929 1500 1969 devotum
1543 1935 1586 1969 et

185 1998 353 2038 fidelem
383 1998 612 2052 pollicitus,
644 1997 718 2050 qui
749 2011 824 2036 sua
855 2002 898 2036 et
929 2010 1026 2036 suos
1056 1996 1244 2036 venturis
1272 2002 1520 2050 exponeret,
1543 2003 1586 2036 et

185 2073 271 2106 tam
283 2066 424 2106 forum
439 2065 653 2106 venalium
675 2079 801 2118 quam
822 2063 1049 2103 inoffensos
1070 2063 1274 2102 transitus
1296 2063 1492 2103 omnibus
1510 2078 1585 2103 ex-

183 2133 362 2173 hiberet.
426 2132 568 2173 Caesar
588 2147 685 2173 vero
717 2132 813 2186 plus
845 2146 969 2185 aequo
992 2130 1202 2180 credulus,
1226 2130 1300 2184 qui
1332 2129 1436 2170 tales
1471 2130 1585 2170 aesti-

182 2201 325 2241 mabat
345 2200 447 2240 alios
469 2200 638 2253 qualem
668 2215 711 2240 se
739 2200 828 2253 ipse
851 2205 1038 2247 noverat,
1061 2197 1268 2238 universis
1290 2197 1583 2237 comminando

183 2268 335 2317 edixit,
367 2282 419 2308 ne
455 2268 560 2307 fines
593 2267 860 2307 Turchorum
893 2264 1069 2318 ingressi
1106 2264 1335 2318 quicquam
1369 2270 1581 2317 raperent,

183 2336 256 2376 sed
319 2349 466 2388 pacem
517 2348 644 2387 quarn
689 2333 802 2388 pacti
852 2338 973 2372 erant
1014 2330 1245 2371 studiosius
1297 2330 1580 2370 observarent.

185 2402 254 2442 Sic
291 2417 389 2455 ergo
424 2401 604 2455 contigit
636 2407 684 2440 ut
722 2399 911 2454 praedam
950 2398 1194 2445 maximam,
1230 2411 1356 2450 quam
1397 2396 1440 2436 in
1480 2397 1582 2450 ipsis

184 2469 302 2522 regni
348 2468 492 2522 januis
533 2467 741 2507 Soldanus
793 2481 848 2506 ex
904 2464 1113 2506 industria
1168 2464 1396 2513 dimiserat,
1448 2465 1581 2505 nostri

181 2542 526 2590 praetermeantes
547 2534 837 2587 relinquerent
858 2533 1030 2573 omnino
1062 2532 1278 2572 intactam.
1342 2530 1443 2571 Heu
1464 2546 1581 2571 mens

181 2604 402 2644 hominum
432 2602 599 2643 venturi
635 2601 797 2641 nescia!
860 2600 973 2640 Nam
1005 2600 1039 2640 si
1071 2599 1226 2640 famem
1253 2599 1457 2648 futuram,
1499 2600 1580 2640 iter

180 2686 391 2725 asperum,
415 2670 581 2725 tyranni
603 2675 868 2723 praenossent
889 2667 1074 2717 insidias,
1097 2681 1214 2708 casus
1251 2668 1421 2721 quidem
1453 2669 1579 2709 obtu-

494 2758 501 2776 ¹
529 2756 721 2790 Continued
739 2756 823 2789 from
843 2755 896 2788 De
910 2754 1089 2796 Vinesauf,
1107 2754 1152 2788 ib.
1170 2765 1202 2798 p.
1223 2756 1300 2788 262.
1427 2802 1436 2821 )

1369 2811 1388 2831 Κ
1417 2804 1436 2832 ἓ.

1604 1550 1662 1575 The
1683 1551 1779 1576 Sultan

1603 1584 1634 1608 of
1645 1584 1768 1608 Iconium

1604 1616 1723 1641 deceives
1736 1618 1782 1641 the

1604 1650 1745 1682 Emperor.
