1908 3135
382 265 463 306 168
781 280 1022 313 GIRALDUS
1057 283 1355 314 CAMBRENsis

380 391 511 430 regno
541 378 708 432 praelati
740 380 1007 421 ecclesiastici
1042 382 1168 422 urbes
1201 382 1441 436 possideant
1472 382 1561 422 fere
1589 390 1772 423 cunctas.

381 443 600 498 Respectu
634 446 877 487 reddituum
910 455 952 488 et
987 463 1187 501 gazarum
1222 448 1495 502 Imperatoris
1534 449 1677 490 Graeci
1709 450 1776 489 vel

382 511 508 552 etiam
545 513 676 566 Regis
711 514 858 563 Siculi,
897 522 994 555 ante
1034 516 1257 569 utriusque
1292 524 1377 556 tam
1413 516 1532 570 regni
1567 516 1680 556 illius
1717 532 1772 557 sc.

381 593 507 632 quam
541 579 707 634 imperii
742 596 817 634 per
848 582 1023 622 Latinos
1056 583 1400 632 destructionem,
1422 584 1635 624 modicum
1668 583 1775 623 illud

380 653 424 686 et
444 647 563 699 quasi
583 662 659 701 pro
675 648 809 688 nihilo
825 649 1123 702 reputandum.
1183 650 1298 690 Urbs
1319 650 1475 690 etenim
1497 665 1582 690 una
1601 649 1773 699 Siciliae,

381 712 600 754 Palernica
617 715 791 764 scilicet,
814 716 910 769 plus
931 717 1034 756 certi
1065 717 1255 757 redditus
1277 717 1390 771 Regi
1423 717 1568 758 Siculo
1599 718 1774 771 singulis

381 781 499 821 annis
530 782 705 821 reddere
740 783 859 831 solet,
899 797 1024 836 quam
1066 783 1305 837 Anglorum
1343 784 1456 838 Regi
1492 799 1604 824 nunc
1636 784 1775 825 reddit

383 847 542 900 Anglia
561 852 684 888 tota.¹

438 914 615 955 Dictum
655 923 796 956 autem
837 918 970 971 Regis
1011 918 1356 959 Christianissimi
1393 918 1612 968 Ludovici,
1644 920 1775 973 patris

383 981 543 1022 scilicet
582 982 715 1036 Regis
754 984 942 1039 Philippi
977 986 1319 1027 Normannorum
1351 987 1506 1036 mallei,
1540 994 1775 1027 memoratu

383 1049 572 1102 dignum,
595 1057 638 1090 et
657 1051 724 1091 hic
746 1066 956 1105 apponere
986 1060 1144 1107 praeter
1164 1069 1252 1094 rem
1272 1069 1357 1094 non
1378 1053 1538 1108 putavi.
1601 1054 1652 1094 In
1684 1056 1775 1108 ejus

380 1132 562 1171 namque
578 1119 805 1171 praesentia
827 1119 877 1159 de
894 1120 1017 1160 variis
1034 1121 1205 1175 Regum
1228 1129 1270 1162 et
1287 1122 1596 1176 Imperatorum
1620 1121 1777 1161 divitiis

379 1184 515 1224 factus
547 1200 682 1225 sermo
719 1187 932 1240 quondam
964 1187 1063 1237 fuit,
1085 1188 1203 1229 nulla
1237 1204 1408 1243 prorsus
1444 1188 1494 1228 de
1517 1188 1773 1228 Francorum

380 1267 508 1304 regno
525 1253 740 1293 mentione
758 1254 882 1294 facta.
915 1254 1065 1296 Veluti
1081 1256 1332 1296 Graecorum
1347 1254 1548 1311 purpuris
1567 1264 1609 1297 et
1624 1256 1775 1309 pannis

379 1318 636 1369 holosericis,
657 1321 833 1373 gemmis
855 1336 1026 1375 quoque
1056 1324 1267 1377 pretiosis,
1291 1324 1524 1378 ceterisque
1546 1323 1776 1379 opulentiis

380 1385 569 1439 ipsorum
593 1387 738 1427 multis
769 1395 813 1428 et
846 1389 1020 1442 magnis.
1083 1390 1149 1430 De
1173 1390 1413 1430 Siculorum
1432 1392 1548 1445 gazis
1578 1391 1776 1445 gemmis-

382 1468 480 1506 que,
513 1454 694 1494 metallis
727 1462 811 1494 tam
843 1456 1007 1496 rutilis2
1041 1457 1202 1498 scilicet
1235 1473 1361 1511 quam
1397 1459 1588 1507 tumulis,
1618 1458 1775 1512 quibus

381 1521 600 1561 abundant
639 1521 963 1575 copiosissimis3
1006 1530 1049 1564 et
1088 1523 1436 1578 Hispanensium,
1473 1532 1627 1579 praeter
1675 1540 1775 1579 opes

379 1594 538 1627 ceteras
570 1595 613 1627 et
646 1588 737 1627 auri
769 1588 967 1642 pallentis
1000 1590 1163 1644 copiam
1195 1607 1404 1645 magnam,
1442 1593 1562 1646 equis
1598 1592 1776 1646 egregiis

382 1669 487 1708 quos
518 1655 654 1708 patria
688 1655 877 1709 gignavit
912 1664 955 1697 et
985 1658 1330 1711 generosissimis.
1394 1658 1503 1700 Item
1536 1667 1579 1700 et
1600 1660 1650 1699 de
1672 1659 1776 1700 Ale-

380 1722 583 1761 mannicis
612 1730 866 1763 armatorum
897 1724 1071 1774 viribus,
1094 1725 1392 1779 bellicosisque
1425 1727 1524 1767 viris
1555 1733 1598 1767 et
1628 1727 1777 1766 robus-

380 1789 447 1837 tis,
484 1789 622 1843 deque
664 1790 939 1831 multitudine
971 1793 1163 1846 gentium
1205 1800 1248 1833 et
1286 1794 1537 1834 fortitudine
1573 1794 1773 1843 virorum,

381 1856 690 1909 experientiam
747 1858 881 1898 solum
931 1860 1242 1913 congrediendo
1299 1861 1579 1915 cupientium,
1637 1862 1774 1916 deque

380 1923 523 1963 furore
547 1923 797 1974 Teutonico,
820 1925 956 1978 primo
988 1927 1032 1966 in
1064 1927 1222 1981 praeliis
1254 1928 1418 1982 impetu
1438 1927 1512 1967 vix
1542 1927 1773 1978 tolerando,

383 1997 425 2030 et
448 1989 536 2043 [de]
564 1990 806 2032 Saxonibus
824 1992 947 2046 longe
969 1995 1311 2047 expeditissimis.

441 2057 552 2097 Item
584 2066 627 2098 et
656 2059 706 2098 de
733 2059 887 2112 parcis3
914 2060 1098 2100 ferarum
1130 2062 1175 2101 in
1208 2062 1367 2116 Anglia
1402 2071 1445 2104 et
1474 2064 1624 2104 ferinae
1657 2064 1778 2118 copia

384 2130 514 2172 tanta,
538 2124 803 2177 silvestrique
824 2127 1097 2176 recreatione,
1121 2143 1358 2182 canumque
1380 2130 1505 2170 simul
1536 2138 1622 2170 tam
1652 2145 1777 2170 cursu

383 2190 516 2230 veloci
538 2205 665 2244 quam
684 2191 981 2232 vociferatione
1003 2195 1213 2243 concordi,
1236 2210 1357 2236 aures
1389 2203 1432 2237 et
1467 2197 1610 2237 oculos
1642 2197 1778 2237 delec-

384 2263 515 2305 tante,
538 2257 674 2310 deque
696 2258 865 2298 metallo
886 2266 1009 2299 terrae
1038 2260 1152 2300 illius
1174 2261 1355 2312 tinnulo,
1376 2264 1627 2317 argentique
1647 2271 1779 2317 puteo

385 2323 458 2363 vix
494 2323 797 2373 exhauriendo,
820 2326 939 2379 cujus
961 2326 1250 2368 dominatum⁴
1280 2336 1447 2370 tantum
1479 2337 1521 2370 et
1542 2338 1627 2370 tam
1655 2337 1777 2385 patu-

433 2427 441 2446 ¹
462 2427 595 2470 Quoted
614 2428 658 2473 by
677 2429 875 2473 Bmmpton,
893 2442 926 2474 p.
946 2433 1046 2464 1011.

432 2473 444 2490 ²
470 2473 543 2505 Ί11ε>
573 2474 696 2507 cditms
726 2476 763 2508 of
787 2476 944 2519 Bouquct
969 2476 1047 2509 read

387 2519 525 2559 rivuli-53
552 2519 616 2552 and
641 2520 720 2552 then
738 2521 803 2554 add
822 2521 889 2554 this
906 2523 1048 2565 remmk,

385 2564 616 2607 “Iegenduni
644 2566 729 2598 forte
756 2567 912 2609 reticulis,
938 2568 985 2600 ita
1013 2574 1050 2601 ut

387 2620 505 2641 sensus
524 2610 577 2651 sit,
598 2616 664 2643 tam
692 2612 725 2643 in
751 2613 931 2662 marsupiis
949 2626 1048 2658 quam

387 2655 420 2688 in
439 2655 525 2688 arcis
542 2656 745 2689 reconditis
739 2657 945 2702 ‚interplete
957 2671 1051 2691 nam—

387 2712 451 2744 quc
471 2701 562 2745 Cang
546 2702 599 2734 0·io
617 2702 649 2734 in
677 2702 728 2735 his
747 2703 896 2744 xoeibus,
918 2704 1051 2748 Ricala,

386 2746 476 2779 idcln
504 2753 600 2780 sonat
618 2747 706 2791 quod
725 2748 876 2790 reticula,
895 2756 926 2782 et
946 2756 1051 2783 tumu-

387 2792 435 2825 lus
451 2804 610 2826 mensula
635 2794 833 2838 capacitatis
860 2802 910 2828 cst
928 2796 1051 2829 Siculis

1117 2438 1150 2464 ct
1169 2431 1438 2465 Relitonsibusff'
1489 2432 1563 2465 The
1583 2432 1674 2465 word
1692 2434 1779 2466 ricu-

1117 2478 1220 2510 lorum
1228 2490 1345 2511 occurs
1360 2479 1393 2511 in
1408 2479 1594 2523 Brompton
1611 2480 1658 2523 (p.
1674 2480 1778 2524 1245)

1117 2523 1177 2556 but
1195 2524 1358 2569 certainly
1371 2531 1428 2557 not
1448 2524 1480 2557 in
1499 2524 1555 2557 the
1573 2536 1670 2557 sense
1679 2525 1779 2568 given

1118 2575 1151 2602 to
1172 2570 1197 2602 it
1224 2570 1269 2615 by
1286 2569 1395 2614 Bouq.
1446 2570 1461 2603 I
1490 2570 1574 2603 have
1600 2582 1642 2602 no
1673 2570 1776 2603 doubt

1118 2615 1190 2647 that
1207 2615 1264 2648 the
1281 2627 1421 2660 passage
1439 2617 1467 2648 is
1485 2622 1630 2660 corrupt,
1645 2615 1709 2648 and
1727 2616 1778 2648 for

1119 2661 1252 2694 tumulis
1276 2673 1326 2694 we
1353 2661 1473 2695 should
1501 2661 1579 2694 read
1610 2661 1779 2695 tumulatis

1119 2718 1154 2738 or
1171 2706 1315 2751 pelliaps
1332 2708 1515 2741 cumulatis.

1166 2752 1178 2770 ³
1204 2752 1302 2794 Pace,
1330 2753 1406 2785 MS.

1168 2798 1179 2816 ⁴
1210 2799 1287 2831 Tam
1306 2800 1447 2843 hyatum,
1467 2799 1541 2832 MS.
