<?xml version="1.0" encoding="UTF-8"?>
<!DOCTYPE html PUBLIC "-//W3C//DTD XHTML 1.0 Transitional//EN"
    "http://www.w3.org/TR/xhtml1/DTD/xhtml1-transitional.dtd">
<html xmlns="http://www.w3.org/1999/xhtml" xml:lang="en" lang="en">
 <head>
  <title>
</title>
<meta http-equiv="Content-Type" content="text/html;charset=utf-8" />
  <meta name='ocr-system' content='tesseract 3.04.00' />
  <meta name='ocr-capabilities' content='ocr_page ocr_carea ocr_par ocr_line ocrx_word'/>
</head>
<body>
  <div class='ocr_page' id='page_1' title='image "./giralduscambrens03girauoft_0090.png"; bbox 0 0 1908 3135; ppageno 0'>
   <div class='ocr_carea' id='block_1_1' title="bbox 163 1991 341 2050">
    <p class='ocr_par' dir='ltr' id='par_1_1' title="bbox 163 1991 341 2050">
     <span class='ocr_line' id='line_1_1' title="bbox 163 1991 316 2016; baseline 0 0"><span class='ocrx_word' id='word_1_1' title='bbox 163 1991 316 2016; x_wconf 79' lang='lat' dir='ltr'>Alexander</span> 
     </span>
     <span class='ocr_line' id='line_1_2' title="bbox 165 2025 341 2050; baseline 0.011 -2"><span class='ocrx_word' id='word_1_2' title='bbox 165 2025 176 2048; x_wconf 97' lang='lat' dir='ltr'>I</span> <span class='ocrx_word' id='word_1_3' title='bbox 182 2026 218 2049; x_wconf 90' lang='lat'>11.</span> <span class='ocrx_word' id='word_1_4' title='bbox 234 2033 341 2050; x_wconf 84' lang='lat' dir='ltr'>excom-</span> 
     </span>
    </p>
   </div>
   <div class='ocr_carea' id='block_1_2' title="bbox 389 293 1374 336">
    <p class='ocr_par' dir='ltr' id='par_1_2' title="bbox 389 293 1374 336">
     <span class='ocr_line' id='line_1_3' title="bbox 389 293 1374 336; baseline -0.004 1"><span class='ocrx_word' id='word_1_5' title='bbox 389 293 443 332; x_wconf 91' lang='lat'>50</span> <span class='ocrx_word' id='word_1_6' title='bbox 802 303 1041 336; x_wconf 80' lang='lat' dir='ltr'>GIRALDUS</span> <span class='ocrx_word' id='word_1_7' title='bbox 1075 302 1374 335; x_wconf 81' lang='lat' dir='ltr'><strong>CAMBRENSIS</strong></span> 
     </span>
    </p>
   </div>
   <div class='ocr_carea' id='block_1_3' title="bbox 381 399 1785 1597">
    <p class='ocr_par' dir='ltr' id='par_1_3' title="bbox 386 399 1782 524">
     <span class='ocr_line' id='line_1_4' title="bbox 386 399 1782 457; baseline -0.003 -14"><span class='ocrx_word' id='word_1_8' title='bbox 386 417 558 443; x_wconf 89' lang='lat' dir='ltr'>manum</span> <span class='ocrx_word' id='word_1_9' title='bbox 609 409 653 443; x_wconf 90' lang='lat' dir='ltr'>et</span> <span class='ocrx_word' id='word_1_10' title='bbox 685 402 820 443; x_wconf 87' lang='lat' dir='ltr'>visum</span> <span class='ocrx_word' id='word_1_11' title='bbox 854 403 1212 444; x_wconf 86' lang='lat' dir='ltr'>Cenomannensis</span> <span class='ocrx_word' id='word_1_12' title='bbox 1244 409 1288 444; x_wconf 90' lang='lat' dir='ltr'>et</span> <span class='ocrx_word' id='word_1_13' title='bbox 1324 400 1642 457; x_wconf 88' lang='lat' dir='ltr'>Andegavensis</span> <span class='ocrx_word' id='word_1_14' title='bbox 1677 399 1782 454; x_wconf 88' lang='lat' dir='ltr'>Epi-</span> 
     </span>
     <span class='ocr_line' id='line_1_5' title="bbox 386 470 887 524; baseline 0.002 -14"><span class='ocrx_word' id='word_1_15' title='bbox 386 485 609 524; x_wconf 88' lang='lat' dir='ltr'>scoporum</span> <span class='ocrx_word' id='word_1_16' title='bbox 629 470 887 511; x_wconf 88' lang='lat' dir='ltr'>dividendas.</span> 
     </span>
    </p>

    <p class='ocr_par' dir='ltr' id='par_1_4' title="bbox 383 536 1785 1059">
     <span class='ocr_line' id='line_1_6' title="bbox 446 536 1785 592; baseline -0.002 -15"><span class='ocrx_word' id='word_1_17' title='bbox 446 536 584 578; x_wconf 92' lang='lat' dir='ltr'>“Hoc</span> <span class='ocrx_word' id='word_1_18' title='bbox 618 544 760 578; x_wconf 90' lang='lat' dir='ltr'>autem</span> <span class='ocrx_word' id='word_1_19' title='bbox 781 543 1084 578; x_wconf 87' lang='lat' dir='ltr'>testamentum</span> <span class='ocrx_word' id='word_1_20' title='bbox 1117 537 1199 578; x_wconf 88' lang='lat' dir='ltr'>feci</span> <span class='ocrx_word' id='word_1_21' title='bbox 1228 537 1271 578; x_wconf 92' lang='lat' dir='ltr'>in</span> <span class='ocrx_word' id='word_1_22' title='bbox 1305 537 1512 592; x_wconf 80' lang='lat' dir='ltr'>praedicto</span> <span class='ocrx_word' id='word_1_23' title='bbox 1546 536 1652 584; x_wconf 89' lang='lat' dir='ltr'>loco,</span> <span class='ocrx_word' id='word_1_24' title='bbox 1675 549 1785 574; x_wconf 87' lang='lat' dir='ltr'>anno</span> 
     </span>
     <span class='ocr_line' id='line_1_7' title="bbox 388 602 1784 652; baseline -0.002 -8"><span class='ocrx_word' id='word_1_25' title='bbox 388 604 695 644; x_wconf 87' lang='lat' dir='ltr'>Incarnationis</span> <span class='ocrx_word' id='word_1_26' title='bbox 717 604 894 644; x_wconf 84' lang='lat' dir='ltr'>Domini</span> <span class='ocrx_word' id='word_1_27' title='bbox 926 618 1170 645; x_wconf 80' lang='lat' dir='ltr'>MCLXXXII.</span> <span class='ocrx_word' id='word_1_28' title='bbox 1231 604 1362 647; x_wconf 83' lang='lat' dir='ltr'>Quod</span> <span class='ocrx_word' id='word_1_29' title='bbox 1382 605 1500 646; x_wconf 89' lang='lat' dir='ltr'>vobis</span> <span class='ocrx_word' id='word_1_30' title='bbox 1535 603 1635 644; x_wconf 90' lang='lat' dir='ltr'>filiis</span> <span class='ocrx_word' id='word_1_31' title='bbox 1664 602 1784 652; x_wconf 88' lang='lat' dir='ltr'>meis,</span> 
     </span>
     <span class='ocr_line' id='line_1_8' title="bbox 386 669 1784 725; baseline -0.002 -14"><span class='ocrx_word' id='word_1_32' title='bbox 386 685 462 725; x_wconf 88' lang='lat' dir='ltr'>per</span> <span class='ocrx_word' id='word_1_33' title='bbox 491 671 618 712; x_wconf 89' lang='lat' dir='ltr'>fidem</span> <span class='ocrx_word' id='word_1_34' title='bbox 639 686 767 725; x_wconf 89' lang='lat' dir='ltr'>quam</span> <span class='ocrx_word' id='word_1_35' title='bbox 802 671 907 711; x_wconf 91' lang='lat' dir='ltr'>mihi</span> <span class='ocrx_word' id='word_1_36' title='bbox 939 672 1117 721; x_wconf 90' lang='lat' dir='ltr'>debetis,</span> <span class='ocrx_word' id='word_1_37' title='bbox 1148 679 1190 712; x_wconf 92' lang='lat' dir='ltr'>et</span> <span class='ocrx_word' id='word_1_38' title='bbox 1224 679 1530 712; x_wconf 87' lang='lat' dir='ltr'>sacramentum</span> <span class='ocrx_word' id='word_1_39' title='bbox 1552 670 1667 725; x_wconf 88' lang='lat' dir='ltr'>quod</span> <span class='ocrx_word' id='word_1_40' title='bbox 1686 669 1784 709; x_wconf 89' lang='lat' dir='ltr'>inde</span> 
     </span>
     <span class='ocr_line' id='line_1_9' title="bbox 386 736 1784 792; baseline -0.002 -14"><span class='ocrx_word' id='word_1_41' title='bbox 386 738 491 778; x_wconf 88' lang='lat' dir='ltr'>mihi</span> <span class='ocrx_word' id='word_1_42' title='bbox 516 738 705 792; x_wconf 85' lang='lat' dir='ltr'>jurastis,</span> <span class='ocrx_word' id='word_1_43' title='bbox 727 739 930 792; x_wconf 89' lang='lat' dir='ltr'>praecipio</span> <span class='ocrx_word' id='word_1_44' title='bbox 958 746 1007 779; x_wconf 91' lang='lat' dir='ltr'>ut</span> <span class='ocrx_word' id='word_1_45' title='bbox 1034 738 1212 779; x_wconf 87' lang='lat' dir='ltr'>firmiter</span> <span class='ocrx_word' id='word_1_46' title='bbox 1243 746 1286 779; x_wconf 90' lang='lat' dir='ltr'>et</span> <span class='ocrx_word' id='word_1_47' title='bbox 1320 739 1620 779; x_wconf 83' lang='lat' dir='ltr'>inviolabiliter</span> <span class='ocrx_word' id='word_1_48' title='bbox 1649 736 1784 777; x_wconf 86' lang='lat' dir='ltr'>teneri</span> 
     </span>
     <span class='ocr_line' id='line_1_10' title="bbox 385 805 1785 860; baseline -0.001 -16"><span class='ocrx_word' id='word_1_49' title='bbox 385 805 546 845; x_wconf 89' lang='lat' dir='ltr'>faciatis</span> <span class='ocrx_word' id='word_1_50' title='bbox 562 822 571 854; x_wconf 92' lang='lat'>;</span> <span class='ocrx_word' id='word_1_51' title='bbox 594 811 637 845; x_wconf 90' lang='lat' dir='ltr'>et</span> <span class='ocrx_word' id='word_1_52' title='bbox 650 806 764 859; x_wconf 90' lang='lat' dir='ltr'>quod</span> <span class='ocrx_word' id='word_1_53' title='bbox 780 820 906 860; x_wconf 88' lang='lat' dir='ltr'>super</span> <span class='ocrx_word' id='word_1_54' title='bbox 924 821 1008 855; x_wconf 87' lang='lat' dir='ltr'>eos,</span> <span class='ocrx_word' id='word_1_55' title='bbox 1028 806 1101 859; x_wconf 91' lang='lat' dir='ltr'>qui</span> <span class='ocrx_word' id='word_1_56' title='bbox 1122 805 1261 859; x_wconf 88' lang='lat' dir='ltr'>ipsum</span> <span class='ocrx_word' id='word_1_57' title='bbox 1277 806 1455 846; x_wconf 87' lang='lat' dir='ltr'>fecerint</span> <span class='ocrx_word' id='word_1_58' title='bbox 1470 812 1514 846; x_wconf 88' lang='lat' dir='ltr'>et</span> <span class='ocrx_word' id='word_1_59' title='bbox 1534 811 1785 845; x_wconf 78' lang='lat' dir='ltr'>executores</span> 
     </span>
     <span class='ocr_line' id='line_1_11' title="bbox 385 871 1783 927; baseline -0.001 -16"><span class='ocrx_word' id='word_1_60' title='bbox 385 872 622 921; x_wconf 82' lang='lat' dir='ltr'>extiterint,</span> <span class='ocrx_word' id='word_1_61' title='bbox 644 887 815 913; x_wconf 89' lang='lat' dir='ltr'>manum</span> <span class='ocrx_word' id='word_1_62' title='bbox 834 888 919 913; x_wconf 91' lang='lat' dir='ltr'>non</span> <span class='ocrx_word' id='word_1_63' title='bbox 939 873 1120 927; x_wconf 86' lang='lat' dir='ltr'>ponatis.</span> <span class='ocrx_word' id='word_1_64' title='bbox 1179 873 1239 913; x_wconf 91' lang='lat' dir='ltr'>Et</span> <span class='ocrx_word' id='word_1_65' title='bbox 1259 873 1518 927; x_wconf 88' lang='lat' dir='ltr'>quicumque</span> <span class='ocrx_word' id='word_1_66' title='bbox 1540 879 1685 913; x_wconf 87' lang='lat' dir='ltr'>contra</span> <span class='ocrx_word' id='word_1_67' title='bbox 1704 871 1783 911; x_wconf 92' lang='lat' dir='ltr'>hoc</span> 
     </span>
     <span class='ocr_line' id='line_1_12' title="bbox 383 938 1783 993; baseline -0.001 -15"><span class='ocrx_word' id='word_1_68' title='bbox 383 939 525 978; x_wconf 87' lang='lat' dir='ltr'>venire</span> <span class='ocrx_word' id='word_1_69' title='bbox 537 939 899 993; x_wconf 85' lang='lat' dir='ltr'>praesumpserint,</span> <span class='ocrx_word' id='word_1_70' title='bbox 920 939 1255 993; x_wconf 82' lang='lat' dir='ltr'>indignationem</span> <span class='ocrx_word' id='word_1_71' title='bbox 1276 946 1320 979; x_wconf 91' lang='lat' dir='ltr'>et</span> <span class='ocrx_word' id='word_1_72' title='bbox 1340 939 1445 979; x_wconf 88' lang='lat' dir='ltr'>iram</span> <span class='ocrx_word' id='word_1_73' title='bbox 1467 938 1783 993; x_wconf 88' lang='lat' dir='ltr'>Omnipotentis</span> 
     </span>
     <span class='ocr_line' id='line_1_13' title="bbox 385 1005 1685 1059; baseline 0.001 -15"><span class='ocrx_word' id='word_1_74' title='bbox 385 1005 469 1044; x_wconf 86' lang='lat' dir='ltr'>Dei</span> <span class='ocrx_word' id='word_1_75' title='bbox 505 1012 549 1045; x_wconf 91' lang='lat' dir='ltr'>et</span> <span class='ocrx_word' id='word_1_76' title='bbox 582 1005 920 1046; x_wconf 83' lang='lat' dir='ltr'>maledictionem</span> <span class='ocrx_word' id='word_1_77' title='bbox 951 1006 1084 1059; x_wconf 89' lang='lat' dir='ltr'>ipsius</span> <span class='ocrx_word' id='word_1_78' title='bbox 1107 1005 1190 1046; x_wconf 90' lang='lat' dir='ltr'>Dei</span> <span class='ocrx_word' id='word_1_79' title='bbox 1225 1012 1268 1045; x_wconf 90' lang='lat' dir='ltr'>et</span> <span class='ocrx_word' id='word_1_80' title='bbox 1297 1020 1434 1046; x_wconf 86' lang='lat' dir='ltr'>meam</span> <span class='ocrx_word' id='word_1_81' title='bbox 1454 1005 1685 1046; x_wconf 84' lang='lat' dir='ltr'>incurrant.</span> 
     </span>
    </p>

    <p class='ocr_par' dir='ltr' id='par_1_5' title="bbox 381 1071 1782 1597">
     <span class='ocr_line' id='line_1_14' title="bbox 442 1071 1782 1127; baseline -0.001 -15"><span class='ocrx_word' id='word_1_82' title='bbox 442 1075 468 1094; x_wconf 75' lang='lat'>‘⁶</span> <span class='ocrx_word' id='word_1_83' title='bbox 484 1072 619 1113; x_wconf 86' lang='lat' dir='ltr'>Vobis</span> <span class='ocrx_word' id='word_1_84' title='bbox 639 1078 782 1113; x_wconf 88' lang='lat' dir='ltr'>autem</span> <span class='ocrx_word' id='word_1_85' title='bbox 800 1071 1144 1127; x_wconf 89' lang='lat' dir='ltr'>Archiepiscopis</span> <span class='ocrx_word' id='word_1_86' title='bbox 1166 1079 1209 1113; x_wconf 89' lang='lat' dir='ltr'>et</span> <span class='ocrx_word' id='word_1_87' title='bbox 1230 1072 1453 1126; x_wconf 88' lang='lat' dir='ltr'>Episcopis</span> <span class='ocrx_word' id='word_1_88' title='bbox 1473 1072 1626 1112; x_wconf 90' lang='lat' dir='ltr'>mando</span> <span class='ocrx_word' id='word_1_89' title='bbox 1646 1078 1695 1111; x_wconf 88' lang='lat' dir='ltr'>ut</span> <span class='ocrx_word' id='word_1_90' title='bbox 1706 1086 1782 1126; x_wconf 86' lang='lat' dir='ltr'>per</span> 
     </span>
     <span class='ocr_line' id='line_1_15' title="bbox 383 1138 1782 1193; baseline -0.001 -14"><span class='ocrx_word' id='word_1_91' title='bbox 383 1146 689 1179; x_wconf 86' lang='lat' dir='ltr'>sacramentum</span> <span class='ocrx_word' id='word_1_92' title='bbox 723 1140 837 1193; x_wconf 92' lang='lat' dir='ltr'>quod</span> <span class='ocrx_word' id='word_1_93' title='bbox 872 1139 976 1180; x_wconf 91' lang='lat' dir='ltr'>mihi</span> <span class='ocrx_word' id='word_1_94' title='bbox 1007 1139 1178 1189; x_wconf 85' lang='lat' dir='ltr'>fecistis,</span> <span class='ocrx_word' id='word_1_95' title='bbox 1203 1146 1246 1180; x_wconf 90' lang='lat' dir='ltr'>et</span> <span class='ocrx_word' id='word_1_96' title='bbox 1276 1139 1403 1179; x_wconf 87' lang='lat' dir='ltr'>fidem</span> <span class='ocrx_word' id='word_1_97' title='bbox 1439 1153 1568 1193; x_wconf 88' lang='lat' dir='ltr'>quam</span> <span class='ocrx_word' id='word_1_98' title='bbox 1603 1138 1698 1179; x_wconf 93' lang='lat' dir='ltr'>Deo</span> <span class='ocrx_word' id='word_1_99' title='bbox 1738 1145 1782 1179; x_wconf 89' lang='lat' dir='ltr'>et</span> 
     </span>
     <span class='ocr_line' id='line_1_16' title="bbox 382 1206 1781 1262; baseline -0.001 -15"><span class='ocrx_word' id='word_1_100' title='bbox 382 1207 487 1247; x_wconf 91' lang='lat' dir='ltr'>mihi</span> <span class='ocrx_word' id='word_1_101' title='bbox 500 1207 677 1256; x_wconf 89' lang='lat' dir='ltr'>debetis,</span> <span class='ocrx_word' id='word_1_102' title='bbox 696 1207 739 1248; x_wconf 90' lang='lat' dir='ltr'>in</span> <span class='ocrx_word' id='word_1_103' title='bbox 755 1207 926 1262; x_wconf 83' lang='lat' dir='ltr'>synodis</span> <span class='ocrx_word' id='word_1_104' title='bbox 944 1207 1106 1256; x_wconf 88' lang='lat' dir='ltr'>vestris,</span> <span class='ocrx_word' id='word_1_105' title='bbox 1128 1208 1375 1248; x_wconf 83' lang='lat' dir='ltr'>sollenniter</span> <span class='ocrx_word' id='word_1_106' title='bbox 1395 1207 1576 1248; x_wconf 81' lang='lat' dir='ltr'>accensis</span> <span class='ocrx_word' id='word_1_107' title='bbox 1598 1206 1781 1247; x_wconf 87' lang='lat' dir='ltr'>candelis</span> 
     </span>
     <span class='ocr_line' id='line_1_17' title="bbox 382 1273 1779 1327; baseline -0.001 -13"><span class='ocrx_word' id='word_1_108' title='bbox 382 1274 771 1324; x_wconf 83' lang='lat' dir='ltr'>excommunicetis,</span> <span class='ocrx_word' id='word_1_109' title='bbox 786 1282 829 1315; x_wconf 89' lang='lat' dir='ltr'>et</span> <span class='ocrx_word' id='word_1_110' title='bbox 849 1274 1208 1314; x_wconf 81' lang='lat' dir='ltr'>excommunicari</span> <span class='ocrx_word' id='word_1_111' title='bbox 1226 1274 1403 1322; x_wconf 89' lang='lat' dir='ltr'>faciatis,</span> <span class='ocrx_word' id='word_1_112' title='bbox 1423 1288 1567 1313; x_wconf 88' lang='lat' dir='ltr'>omnes</span> <span class='ocrx_word' id='word_1_113' title='bbox 1588 1273 1683 1313; x_wconf 93' lang='lat' dir='ltr'>illos</span> <span class='ocrx_word' id='word_1_114' title='bbox 1705 1273 1779 1327; x_wconf 90' lang='lat' dir='ltr'>qui</span> 
     </span>
     <span class='ocr_line' id='line_1_18' title="bbox 382 1340 1780 1396; baseline 0 -15"><span class='ocrx_word' id='word_1_115' title='bbox 382 1341 460 1381; x_wconf 88' lang='lat' dir='ltr'>hoc</span> <span class='ocrx_word' id='word_1_116' title='bbox 476 1348 773 1382; x_wconf 84' lang='lat' dir='ltr'>testamentum</span> <span class='ocrx_word' id='word_1_117' title='bbox 786 1356 929 1381; x_wconf 89' lang='lat' dir='ltr'>meum</span> <span class='ocrx_word' id='word_1_118' title='bbox 942 1341 1173 1395; x_wconf 81' lang='lat' dir='ltr'>infringere</span> <span class='ocrx_word' id='word_1_119' title='bbox 1187 1340 1537 1396; x_wconf 79' lang='lat' dir='ltr'>praesumpserint</span> <span class='ocrx_word' id='word_1_120' title='bbox 1551 1358 1560 1391; x_wconf 80' lang='lat'>3</span> <span class='ocrx_word' id='word_1_121' title='bbox 1584 1348 1627 1381; x_wconf 89' lang='lat' dir='ltr'>et</span> <span class='ocrx_word' id='word_1_122' title='bbox 1639 1340 1780 1381; x_wconf 88' lang='lat' dir='ltr'>sciatis</span> 
     </span>
     <span class='ocr_line' id='line_1_19' title="bbox 385 1407 1780 1463; baseline -0.001 -15"><span class='ocrx_word' id='word_1_123' title='bbox 385 1409 499 1462; x_wconf 88' lang='lat' dir='ltr'>quod</span> <span class='ocrx_word' id='word_1_124' title='bbox 530 1407 723 1449; x_wconf 88' lang='lat' dir='ltr'>dominus</span> <span class='ocrx_word' id='word_1_125' title='bbox 749 1409 867 1463; x_wconf 89' lang='lat' dir='ltr'>Papa</span> <span class='ocrx_word' id='word_1_126' title='bbox 891 1409 972 1449; x_wconf 89' lang='lat' dir='ltr'>hoc</span> <span class='ocrx_word' id='word_1_127' title='bbox 1003 1414 1304 1449; x_wconf 88' lang='lat' dir='ltr'>testamentum</span> <span class='ocrx_word' id='word_1_128' title='bbox 1324 1423 1466 1449; x_wconf 88' lang='lat' dir='ltr'>meum</span> <span class='ocrx_word' id='word_1_129' title='bbox 1486 1408 1641 1462; x_wconf 84' lang='lat' dir='ltr'>scripto</span> <span class='ocrx_word' id='word_1_130' title='bbox 1663 1414 1706 1448; x_wconf 94' lang='lat' dir='ltr'>et</span> <span class='ocrx_word' id='word_1_131' title='bbox 1725 1407 1780 1447; x_wconf 89' lang='lat' dir='ltr'>si·-</span> 
     </span>
     <span class='ocr_line' id='line_1_20' title="bbox 381 1474 1778 1530; baseline -0.001 -15"><span class='ocrx_word' id='word_1_132' title='bbox 381 1476 483 1530; x_wconf 83' lang='lat' dir='ltr'>gillo</span> <span class='ocrx_word' id='word_1_133' title='bbox 497 1491 573 1516; x_wconf 87' lang='lat' dir='ltr'>suo</span> <span class='ocrx_word' id='word_1_134' title='bbox 588 1476 849 1517; x_wconf 88' lang='lat' dir='ltr'>confirmavit</span> <span class='ocrx_word' id='word_1_135' title='bbox 866 1477 944 1516; x_wconf 93' lang='lat' dir='ltr'>sub</span> <span class='ocrx_word' id='word_1_136' title='bbox 960 1476 1302 1516; x_wconf 83' lang='lat' dir='ltr'>interminatione</span> <span class='ocrx_word' id='word_1_137' title='bbox 1319 1475 1609 1516; x_wconf 85' lang='lat' dir='ltr'>anathematis.</span> <span class='ocrx_word' id='word_1_138' title='bbox 1653 1474 1778 1515; x_wconf 85' lang='lat' dir='ltr'>Sum-</span> 
     </span>
     <span class='ocr_line' id='line_1_21' title="bbox 381 1541 1758 1597; baseline -0.001 -13"><span class='ocrx_word' id='word_1_139' title='bbox 381 1558 449 1584; x_wconf 87' lang='lat' dir='ltr'>ma</span> <span class='ocrx_word' id='word_1_140' title='bbox 468 1556 589 1585; x_wconf 87' lang='lat' dir='ltr'>XLVI.</span> <span class='ocrx_word' id='word_1_141' title='bbox 614 1556 661 1584; x_wconf 89' lang='lat' dir='ltr'>M.</span> <span class='ocrx_word' id='word_1_142' title='bbox 683 1557 843 1584; x_wconf 85' lang='lat' dir='ltr'>marcas</span> <span class='ocrx_word' id='word_1_143' title='bbox 864 1543 1043 1597; x_wconf 83' lang='lat' dir='ltr'>argenti,</span> <span class='ocrx_word' id='word_1_144' title='bbox 1069 1549 1113 1584; x_wconf 93' lang='lat' dir='ltr'>et</span> <span class='ocrx_word' id='word_1_145' title='bbox 1134 1542 1443 1597; x_wconf 84' lang='lat' dir='ltr'>quinquaginta</span> <span class='ocrx_word' id='word_1_146' title='bbox 1463 1557 1622 1583; x_wconf 87' lang='lat' dir='ltr'>marcas</span> <span class='ocrx_word' id='word_1_147' title='bbox 1638 1541 1758 1583; x_wconf 82' lang='lat' dir='ltr'>auri.’</span> 
     </span>
    </p>
   </div>
   <div class='ocr_carea' id='block_1_4' title="bbox 924 1706 1239 1748">
    <p class='ocr_par' dir='ltr' id='par_1_6' title="bbox 924 1706 1239 1748">
     <span class='ocr_line' id='line_1_22' title="bbox 924 1706 1239 1748; baseline 0 -1"><span class='ocrx_word' id='word_1_148' title='bbox 924 1706 1031 1748; x_wconf 79' lang='lat' dir='ltr'><strong>CAP.</strong></span> <span class='ocrx_word' id='word_1_149' title='bbox 1055 1706 1239 1748; x_wconf 90' lang='lat' dir='ltr'>XVIII.</span> 
     </span>
    </p>
   </div>
   <div class='ocr_carea' id='block_1_5' title="bbox 381 1806 1775 1930">
    <p class='ocr_par' dir='ltr' id='par_1_7' title="bbox 381 1806 1775 1930">
     <span class='ocr_line' id='line_1_23' title="bbox 381 1806 1775 1862; baseline 0 -16"><span class='ocrx_word' id='word_1_150' title='bbox 381 1807 449 1846; x_wconf 83' lang='lat' dir='ltr'>De</span> <span class='ocrx_word' id='word_1_151' title='bbox 480 1808 720 1862; x_wconf 72' lang='lat' dir='ltr'>privileqiis</span> <span class='ocrx_word' id='word_1_152' title='bbox 760 1823 786 1848; x_wconf 82' lang='lat' dir='ltr'>a</span> <span class='ocrx_word' id='word_1_153' title='bbox 821 1808 979 1848; x_wconf 72' lang='lat' dir='ltr'>domino</span> <span class='ocrx_word' id='word_1_154' title='bbox 1012 1807 1135 1861; x_wconf 76' lang='lat' dir='ltr'>Papa</span> <span class='ocrx_word' id='word_1_155' title='bbox 1158 1806 1400 1847; x_wconf 71' lang='lat' dir='ltr'>Alexandro</span> <span class='ocrx_word' id='word_1_156' title='bbox 1432 1807 1569 1847; x_wconf 77' lang='lat' dir='ltr'>tertio²</span> <span class='ocrx_word' id='word_1_157' title='bbox 1599 1806 1775 1847; x_wconf 75' lang='lat' dir='ltr'>maxime</span> 
     </span>
     <span class='ocr_line' id='line_1_24' title="bbox 735 1875 1411 1930; baseline 0 -15"><span class='ocrx_word' id='word_1_158' title='bbox 735 1881 908 1930; x_wconf 73' lang='lat' dir='ltr'>propter</span> <span class='ocrx_word' id='word_1_159' title='bbox 934 1875 1134 1916; x_wconf 73' lang='lat' dir='ltr'>Galenses</span> <span class='ocrx_word' id='word_1_160' title='bbox 1146 1875 1411 1929; x_wconf 75' lang='lat' dir='ltr'>perquisitis.</span> 
     </span>
    </p>
   </div>
   <div class='ocr_carea' id='block_1_6' title="bbox 436 1972 1776 2028">
    <p class='ocr_par' dir='ltr' id='par_1_8' title="bbox 436 1972 1776 2028">
     <span class='ocr_line' id='line_1_25' title="bbox 436 1972 1776 2028; baseline -0.001 -13"><span class='ocrx_word' id='word_1_161' title='bbox 436 1974 712 2015; x_wconf 78' lang='lat' dir='ltr'><strong>PRIVILEGIA</strong></span> <span class='ocrx_word' id='word_1_162' title='bbox 739 1989 838 2015; x_wconf 88' lang='lat' dir='ltr'>vero</span> <span class='ocrx_word' id='word_1_163' title='bbox 869 1989 892 2015; x_wconf 87' lang='lat' dir='ltr'>a</span> <span class='ocrx_word' id='word_1_164' title='bbox 923 1974 1039 2015; x_wconf 87' lang='lat' dir='ltr'>curia</span> <span class='ocrx_word' id='word_1_165' title='bbox 1076 1974 1273 2016; x_wconf 88' lang='lat' dir='ltr'>Romana</span> <span class='ocrx_word' id='word_1_166' title='bbox 1305 1981 1391 2015; x_wconf 86' lang='lat' dir='ltr'>tam</span> <span class='ocrx_word' id='word_1_167' title='bbox 1424 1973 1478 2014; x_wconf 88' lang='lat' dir='ltr'>ad</span> <span class='ocrx_word' id='word_1_168' title='bbox 1508 1972 1623 2028; x_wconf 85' lang='lat' dir='ltr'>pacis</span> <span class='ocrx_word' id='word_1_169' title='bbox 1656 1974 1776 2027; x_wconf 88' lang='lat' dir='ltr'>regni</span> 
     </span>
    </p>
   </div>
   <div class='ocr_carea' id='block_1_7' title="bbox 163 2041 1776 2095">
    <p class='ocr_par' dir='ltr' id='par_1_9' title="bbox 163 2041 1776 2095">
     <span class='ocr_line' id='line_1_26' title="bbox 163 2041 1776 2095; baseline -0.001 -12"><span class='ocrx_word' id='word_1_170' title='bbox 163 2058 361 2083; x_wconf 80' lang='lat' dir='ltr'>municatesau</span> <span class='ocrx_word' id='word_1_171' title='bbox 378 2041 539 2095; x_wconf 85' lang='lat' dir='ltr'>proprii</span> <span class='ocrx_word' id='word_1_172' title='bbox 569 2041 930 2082; x_wconf 89' lang='lat' dir='ltr'>confirmationem</span> <span class='ocrx_word' id='word_1_173' title='bbox 961 2056 1088 2095; x_wconf 90' lang='lat' dir='ltr'>quam</span> <span class='ocrx_word' id='word_1_174' title='bbox 1120 2041 1313 2082; x_wconf 84' lang='lat' dir='ltr'>extranei</span> <span class='ocrx_word' id='word_1_175' title='bbox 1346 2056 1518 2094; x_wconf 87' lang='lat' dir='ltr'>quoque</span> <span class='ocrx_word' id='word_1_176' title='bbox 1549 2041 1776 2095; x_wconf 88' lang='lat' dir='ltr'>subjectio-</span> 
     </span>
    </p>
   </div>
   <div class='ocr_carea' id='block_1_8' title="bbox 162 2091 334 2116">
    <p class='ocr_par' dir='ltr' id='par_1_10' title="bbox 162 2091 334 2116">
     <span class='ocr_line' id='line_1_27' title="bbox 162 2091 334 2116; baseline 0.006 -1"><span class='ocrx_word' id='word_1_177' title='bbox 162 2091 229 2115; x_wconf 86' lang='lat' dir='ltr'>such</span> <span class='ocrx_word' id='word_1_178' title='bbox 246 2099 275 2115; x_wconf 81' lang='lat' dir='ltr'>as</span> <span class='ocrx_word' id='word_1_179' title='bbox 294 2100 334 2116; x_wconf 88' lang='lat' dir='ltr'>re-</span> 
     </span>
    </p>
   </div>
   <div class='ocr_carea' id='block_1_9' title="bbox 164 2124 360 2149">
    <p class='ocr_par' dir='ltr' id='par_1_11' title="bbox 164 2124 360 2149">
     <span class='ocr_line' id='line_1_28' title="bbox 164 2124 360 2149; baseline 0.005 -1"><span class='ocrx_word' id='word_1_180' title='bbox 164 2124 224 2148; x_wconf 82' lang='lat' dir='ltr'>fuse</span> <span class='ocrx_word' id='word_1_181' title='bbox 243 2124 360 2149; x_wconf 85' lang='lat' dir='ltr'>submis-</span> 
     </span>
    </p>
   </div>
   <div class='ocr_carea' id='block_1_10' title="bbox 164 2156 346 2182">
    <p class='ocr_par' dir='ltr' id='par_1_12' title="bbox 164 2156 346 2182">
     <span class='ocr_line' id='line_1_29' title="bbox 164 2156 346 2182; baseline 0.011 -2"><span class='ocrx_word' id='word_1_182' title='bbox 164 2156 222 2181; x_wconf 82' lang='lat' dir='ltr'>sion</span> <span class='ocrx_word' id='word_1_183' title='bbox 237 2160 264 2181; x_wconf 86' lang='lat' dir='ltr'>to</span> <span class='ocrx_word' id='word_1_184' title='bbox 276 2158 346 2182; x_wconf 88' lang='lat' dir='ltr'>their</span> 
     </span>
    </p>
   </div>
   <div class='ocr_carea' id='block_1_11' title="bbox 378 2108 1775 2163">
    <p class='ocr_par' dir='ltr' id='par_1_13' title="bbox 378 2108 1775 2163">
     <span class='ocr_line' id='line_1_30' title="bbox 378 2108 1775 2163; baseline 0 -15"><span class='ocrx_word' id='word_1_185' title='bbox 378 2123 474 2149; x_wconf 89' lang='lat' dir='ltr'>nem</span> <span class='ocrx_word' id='word_1_186' title='bbox 498 2108 739 2163; x_wconf 85' lang='lat' dir='ltr'>impetravit</span> <span class='ocrx_word' id='word_1_187' title='bbox 764 2108 808 2147; x_wconf 92' lang='lat' dir='ltr'>in</span> <span class='ocrx_word' id='word_1_188' title='bbox 831 2108 943 2148; x_wconf 90' lang='lat' dir='ltr'>hunc</span> <span class='ocrx_word' id='word_1_189' title='bbox 970 2109 1169 2149; x_wconf 88' lang='lat' dir='ltr'>modum:</span> <span class='ocrx_word' id='word_1_190' title='bbox 1198 2112 1224 2131; x_wconf 85' lang='lat'><strong>“</strong></span> <span class='ocrx_word' id='word_1_191' title='bbox 1243 2108 1493 2148; x_wconf 87' lang='lat' dir='ltr'>Alexander</span> <span class='ocrx_word' id='word_1_192' title='bbox 1520 2108 1775 2163; x_wconf 87' lang='lat' dir='ltr'>Episcopus,</span> 
     </span>
    </p>
   </div>
   <div class='ocr_carea' id='block_1_12' title="bbox 164 2174 1775 2227">
    <p class='ocr_par' dir='ltr' id='par_1_14' title="bbox 164 2174 1775 2227">
     <span class='ocr_line' id='line_1_31' title="bbox 164 2174 1775 2227; baseline 0.001 -14"><span class='ocrx_word' id='word_1_193' title='bbox 164 2190 270 2214; x_wconf 79' lang='lat' dir='ltr'>natural</span> <span class='ocrx_word' id='word_1_194' title='bbox 284 2191 360 2227; x_wconf 65' lang='lat' dir='ltr'>king,</span> <span class='ocrx_word' id='word_1_195' title='bbox 379 2190 521 2216; x_wconf 85' lang='lat' dir='ltr'>servus</span> <span class='ocrx_word' id='word_1_196' title='bbox 559 2190 775 2215; x_wconf 88' lang='lat' dir='ltr'>servorum</span> <span class='ocrx_word' id='word_1_197' title='bbox 816 2175 915 2224; x_wconf 89' lang='lat' dir='ltr'>Dei,</span> <span class='ocrx_word' id='word_1_198' title='bbox 964 2175 1119 2215; x_wconf 89' lang='lat' dir='ltr'>dilecto</span> <span class='ocrx_word' id='word_1_199' title='bbox 1159 2175 1205 2215; x_wconf 92' lang='lat' dir='ltr'>in</span> <span class='ocrx_word' id='word_1_200' title='bbox 1246 2174 1415 2215; x_wconf 87' lang='lat' dir='ltr'>Christo</span> <span class='ocrx_word' id='word_1_201' title='bbox 1454 2175 1543 2215; x_wconf 93' lang='lat' dir='ltr'>filio</span> <span class='ocrx_word' id='word_1_202' title='bbox 1585 2175 1775 2216; x_wconf 89' lang='lat' dir='ltr'>Henrico</span> 
     </span>
    </p>
   </div>
   <div class='ocr_carea' id='block_1_13' title="bbox 165 2223 310 2253">
    <p class='ocr_par' dir='ltr' id='par_1_15' title="bbox 165 2223 310 2253">
     <span class='ocr_line' id='line_1_32' title="bbox 165 2223 310 2253; baseline 0.014 -6"><span class='ocrx_word' id='word_1_203' title='bbox 165 2223 258 2253; x_wconf 85' lang='lat' dir='ltr'>Hem-y</span> <span class='ocrx_word' id='word_1_204' title='bbox 272 2225 310 2249; x_wconf 90' lang='lat'>11.</span> 
     </span>
    </p>
   </div>
   <div class='ocr_carea' id='block_1_14' title="bbox 377 2241 1777 2768">
    <p class='ocr_par' dir='ltr' id='par_1_16' title="bbox 377 2241 1777 2768">
     <span class='ocr_line' id='line_1_33' title="bbox 377 2241 1777 2296; baseline 0.001 -15"><span class='ocrx_word' id='word_1_205' title='bbox 377 2241 532 2282; x_wconf 85' lang='lat' dir='ltr'>illustri</span> <span class='ocrx_word' id='word_1_206' title='bbox 563 2241 802 2296; x_wconf 87' lang='lat' dir='ltr'>Anglorum</span> <span class='ocrx_word' id='word_1_207' title='bbox 836 2241 949 2295; x_wconf 85' lang='lat' dir='ltr'>Regi</span> <span class='ocrx_word' id='word_1_208' title='bbox 981 2242 1161 2282; x_wconf 87' lang='lat' dir='ltr'>salutem</span> <span class='ocrx_word' id='word_1_209' title='bbox 1193 2249 1237 2283; x_wconf 89' lang='lat' dir='ltr'>et</span> <span class='ocrx_word' id='word_1_210' title='bbox 1275 2241 1547 2296; x_wconf 90' lang='lat' dir='ltr'>apostolicam</span> <span class='ocrx_word' id='word_1_211' title='bbox 1578 2242 1777 2283; x_wconf 89' lang='lat' dir='ltr'>benedic-</span> 
     </span>
     <span class='ocr_line' id='line_1_34' title="bbox 378 2309 1776 2364; baseline 0 -15"><span class='ocrx_word' id='word_1_212' title='bbox 378 2309 552 2349; x_wconf 88' lang='lat' dir='ltr'>tionem.</span> <span class='ocrx_word' id='word_1_213' title='bbox 614 2309 788 2351; x_wconf 79' lang='lat' dir='ltr'>Quanto</span> <span class='ocrx_word' id='word_1_214' title='bbox 818 2324 1040 2364; x_wconf 87' lang='lat' dir='ltr'>personam</span> <span class='ocrx_word' id='word_1_215' title='bbox 1070 2316 1189 2350; x_wconf 88' lang='lat' dir='ltr'>tuam</span> <span class='ocrx_word' id='word_1_216' title='bbox 1209 2309 1403 2363; x_wconf 87' lang='lat' dir='ltr'>ampliori</span> <span class='ocrx_word' id='word_1_217' title='bbox 1423 2309 1637 2363; x_wconf 85' lang='lat' dir='ltr'>diligimus</span> <span class='ocrx_word' id='word_1_218' title='bbox 1672 2309 1776 2350; x_wconf 86' lang='lat' dir='ltr'>cari-</span> 
     </span>
     <span class='ocr_line' id='line_1_35' title="bbox 378 2376 1775 2431; baseline 0.001 -15"><span class='ocrx_word' id='word_1_219' title='bbox 378 2382 465 2417; x_wconf 88' lang='lat' dir='ltr'>tate</span> <span class='ocrx_word' id='word_1_220' title='bbox 486 2383 530 2416; x_wconf 88' lang='lat' dir='ltr'>et</span> <span class='ocrx_word' id='word_1_221' title='bbox 549 2376 717 2426; x_wconf 86' lang='lat' dir='ltr'>affectu,</span> <span class='ocrx_word' id='word_1_222' title='bbox 741 2382 987 2430; x_wconf 88' lang='lat' dir='ltr'>quantoque</span> <span class='ocrx_word' id='word_1_223' title='bbox 1018 2377 1138 2431; x_wconf 88' lang='lat' dir='ltr'>regni</span> <span class='ocrx_word' id='word_1_224' title='bbox 1160 2376 1390 2430; x_wconf 85' lang='lat' dir='ltr'>Anglicani</span> <span class='ocrx_word' id='word_1_225' title='bbox 1424 2376 1660 2417; x_wconf 88' lang='lat' dir='ltr'>fecunditas</span> <span class='ocrx_word' id='word_1_226' title='bbox 1690 2392 1775 2417; x_wconf 90' lang='lat' dir='ltr'>non</span> 
     </span>
     <span class='ocr_line' id='line_1_36' title="bbox 379 2443 1776 2498; baseline 0.001 -15"><span class='ocrx_word' id='word_1_227' title='bbox 379 2443 514 2484; x_wconf 90' lang='lat' dir='ltr'>solum</span> <span class='ocrx_word' id='word_1_228' title='bbox 551 2443 736 2484; x_wconf 81' lang='lat' dir='ltr'>ecclesiae</span> <span class='ocrx_word' id='word_1_229' title='bbox 768 2443 976 2484; x_wconf 81' lang='lat' dir='ltr'>Romanae</span> <span class='ocrx_word' id='word_1_230' title='bbox 997 2459 1144 2485; x_wconf 90' lang='lat' dir='ltr'>verum</span> <span class='ocrx_word' id='word_1_231' title='bbox 1179 2444 1307 2485; x_wconf 90' lang='lat' dir='ltr'>etiam</span> <span class='ocrx_word' id='word_1_232' title='bbox 1341 2444 1537 2484; x_wconf 89' lang='lat' dir='ltr'>domibus</span> <span class='ocrx_word' id='word_1_233' title='bbox 1568 2443 1776 2498; x_wconf 86' lang='lat' dir='ltr'>religiosis</span> 
     </span>
     <span class='ocr_line' id='line_1_37' title="bbox 380 2510 1776 2566; baseline 0.001 -16"><span class='ocrx_word' id='word_1_234' title='bbox 380 2510 617 2564; x_wconf 85' lang='lat' dir='ltr'>Hospitalis</span> <span class='ocrx_word' id='word_1_235' title='bbox 648 2518 691 2551; x_wconf 91' lang='lat' dir='ltr'>et</span> <span class='ocrx_word' id='word_1_236' title='bbox 709 2511 875 2551; x_wconf 81' lang='lat' dir='ltr'>militiae</span> <span class='ocrx_word' id='word_1_237' title='bbox 899 2510 1083 2566; x_wconf 83' lang='lat' dir='ltr'>Templi,</span> <span class='ocrx_word' id='word_1_238' title='bbox 1105 2526 1322 2566; x_wconf 87' lang='lat' dir='ltr'>regnoque</span> <span class='ocrx_word' id='word_1_239' title='bbox 1346 2510 1696 2565; x_wconf 85' lang='lat' dir='ltr'>Ierosolymitano</span> <span class='ocrx_word' id='word_1_240' title='bbox 1732 2518 1776 2551; x_wconf 88' lang='lat' dir='ltr'>et</span> 
     </span>
     <span class='ocr_line' id='line_1_38' title="bbox 379 2576 1772 2633; baseline 0.001 -17"><span class='ocrx_word' id='word_1_241' title='bbox 379 2577 459 2617; x_wconf 91' lang='lat' dir='ltr'>toti</span> <span class='ocrx_word' id='word_1_242' title='bbox 492 2576 581 2616; x_wconf 89' lang='lat' dir='ltr'>fere</span> <span class='ocrx_word' id='word_1_243' title='bbox 620 2576 811 2617; x_wconf 87' lang='lat' dir='ltr'>fidelium</span> <span class='ocrx_word' id='word_1_244' title='bbox 851 2578 943 2618; x_wconf 87' lang='lat' dir='ltr'>orbi</span> <span class='ocrx_word' id='word_1_245' title='bbox 981 2578 1172 2632; x_wconf 86' lang='lat' dir='ltr'>proficua</span> <span class='ocrx_word' id='word_1_246' title='bbox 1211 2579 1345 2633; x_wconf 88' lang='lat' dir='ltr'>magis</span> <span class='ocrx_word' id='word_1_247' title='bbox 1381 2593 1469 2619; x_wconf 88' lang='lat' dir='ltr'>esse</span> <span class='ocrx_word' id='word_1_248' title='bbox 1510 2578 1772 2628; x_wconf 82' lang='lat' dir='ltr'>dinoscitur3</span> 
     </span>
     <span class='ocr_line' id='line_1_39' title="bbox 379 2645 1776 2701; baseline -0.001 -15"><span class='ocrx_word' id='word_1_249' title='bbox 379 2652 498 2686; x_wconf 89' lang='lat' dir='ltr'>tanto</span> <span class='ocrx_word' id='word_1_250' title='bbox 519 2646 765 2700; x_wconf 89' lang='lat' dir='ltr'>diligentius</span> <span class='ocrx_word' id='word_1_251' title='bbox 786 2662 834 2687; x_wconf 88' lang='lat' dir='ltr'>ea</span> <span class='ocrx_word' id='word_1_252' title='bbox 856 2661 954 2700; x_wconf 88' lang='lat' dir='ltr'>quae</span> <span class='ocrx_word' id='word_1_253' title='bbox 992 2647 1045 2687; x_wconf 86' lang='lat' dir='ltr'>ad</span> <span class='ocrx_word' id='word_1_254' title='bbox 1064 2662 1258 2701; x_wconf 88' lang='lat' dir='ltr'>personae</span> <span class='ocrx_word' id='word_1_255' title='bbox 1279 2645 1615 2687; x_wconf 86' lang='lat' dir='ltr'>incolumitatem</span> <span class='ocrx_word' id='word_1_256' title='bbox 1634 2645 1776 2698; x_wconf 87' lang='lat' dir='ltr'>regni-</span> 
     </span>
     <span class='ocr_line' id='line_1_40' title="bbox 379 2713 1774 2768; baseline 0 -15"><span class='ocrx_word' id='word_1_257' title='bbox 379 2727 462 2767; x_wconf 89' lang='lat' dir='ltr'>que</span> <span class='ocrx_word' id='word_1_258' title='bbox 500 2713 565 2754; x_wconf 91' lang='lat' dir='ltr'>tui</span> <span class='ocrx_word' id='word_1_259' title='bbox 605 2719 738 2754; x_wconf 86' lang='lat' dir='ltr'>status</span> <span class='ocrx_word' id='word_1_260' title='bbox 776 2713 1066 2767; x_wconf 82' lang='lat' dir='ltr'>integritatem</span> <span class='ocrx_word' id='word_1_261' title='bbox 1105 2720 1298 2768; x_wconf 89' lang='lat' dir='ltr'>spectant</span> <span class='ocrx_word' id='word_1_262' title='bbox 1329 2721 1374 2755; x_wconf 92' lang='lat' dir='ltr'>et</span> <span class='ocrx_word' id='word_1_263' title='bbox 1405 2713 1774 2768; x_wconf 86' lang='lat' dir='ltr'>tranquillitatem,</span> 
     </span>
    </p>
   </div>
   <div class='ocr_carea' id='block_1_15' title="bbox 889 2810 1270 2845">
    <p class='ocr_par' dir='ltr' id='par_1_17' title="bbox 889 2810 1270 2845">
     <span class='ocr_line' id='line_1_41' title="bbox 889 2810 1270 2845; baseline 0.003 -2"><span class='ocrx_word' id='word_1_264' title='bbox 889 2810 898 2829; x_wconf 93' lang='lat'><strong>¹</strong></span> <span class='ocrx_word' id='word_1_265' title='bbox 926 2810 965 2844; x_wconf 88' lang='lat' dir='ltr'>P.</span> <span class='ocrx_word' id='word_1_266' title='bbox 984 2810 1181 2845; x_wconf 85' lang='lat' dir='ltr'>Alexander</span> <span class='ocrx_word' id='word_1_267' title='bbox 1201 2811 1270 2845; x_wconf 89' lang='lat' dir='ltr'><strong>III.</strong></span> 
     </span>
    </p>
   </div>
  </div>
 </body>
</html>
