<?xml version="1.0" encoding="UTF-8"?>
<!DOCTYPE html PUBLIC "-//W3C//DTD XHTML 1.0 Transitional//EN"
    "http://www.w3.org/TR/xhtml1/DTD/xhtml1-transitional.dtd">
<html xmlns="http://www.w3.org/1999/xhtml" xml:lang="en" lang="en">
 <head>
  <title>
</title>
<meta http-equiv="Content-Type" content="text/html;charset=utf-8" />
  <meta name='ocr-system' content='tesseract 3.04.00' />
  <meta name='ocr-capabilities' content='ocr_page ocr_carea ocr_par ocr_line ocrx_word'/>
</head>
<body>
  <div class='ocr_page' id='page_1' title='image "./giralduscambrens03girauoft_0053.png"; bbox 0 0 1908 3135; ppageno 0'>
   <div class='ocr_carea' id='block_1_1' title="bbox 528 242 1606 280">
    <p class='ocr_par' dir='ltr' id='par_1_1' title="bbox 528 242 1606 280">
     <span class='ocr_line' id='line_1_1' title="bbox 528 242 1606 280; baseline 0.001 -1"><span class='ocrx_word' id='word_1_1' title='bbox 528 248 590 279; x_wconf 83' lang='lat' dir='ltr'>DE</span> <span class='ocrx_word' id='word_1_2' title='bbox 625 247 974 280; x_wconf 87' lang='lat' dir='ltr'><strong>INSTRUCTIONE</strong></span> <span class='ocrx_word' id='word_1_3' title='bbox 1010 249 1290 280; x_wconf 81' lang='lat' dir='ltr'>PRINCIPUM.</span> <span class='ocrx_word' id='word_1_4' title='bbox 1554 242 1606 280; x_wconf 71' lang='lat'>13</span> 
     </span>
    </p>
   </div>
   <div class='ocr_carea' id='block_1_2' title="bbox 204 345 1607 2753">
    <p class='ocr_par' dir='ltr' id='par_1_2' title="bbox 210 345 1607 1077">
     <span class='ocr_line' id='line_1_2' title="bbox 213 345 1604 396; baseline 0.001 -11"><span class='ocrx_word' id='word_1_5' title='bbox 213 345 426 394; x_wconf 83' lang='lat' dir='ltr'>dilatavit3</span> <span class='ocrx_word' id='word_1_6' title='bbox 450 352 583 386; x_wconf 82' lang='lat' dir='ltr'>totam</span> <span class='ocrx_word' id='word_1_7' title='bbox 605 346 783 386; x_wconf 85' lang='lat' dir='ltr'>insulam</span> <span class='ocrx_word' id='word_1_8' title='bbox 807 346 1057 396; x_wconf 84' lang='lat' dir='ltr'>Britanniae,</span> <span class='ocrx_word' id='word_1_9' title='bbox 1079 347 1186 387; x_wconf 82' lang='lat' dir='ltr'>sicut</span> <span class='ocrx_word' id='word_1_10' title='bbox 1207 362 1360 387; x_wconf 85' lang='lat' dir='ltr'>occano</span> <span class='ocrx_word' id='word_1_11' title='bbox 1382 346 1604 396; x_wconf 82' lang='lat' dir='ltr'>clauditur,</span> 
     </span>
     <span class='ocr_line' id='line_1_3' title="bbox 212 413 1607 468; baseline 0.001 -15"><span class='ocrx_word' id='word_1_12' title='bbox 212 413 254 453; x_wconf 89' lang='lat' dir='ltr'>in</span> <span class='ocrx_word' id='word_1_13' title='bbox 276 428 402 454; x_wconf 89' lang='lat' dir='ltr'>unam</span> <span class='ocrx_word' id='word_1_14' title='bbox 431 413 597 468; x_wconf 88' lang='lat' dir='ltr'>potenti</span> <span class='ocrx_word' id='word_1_15' title='bbox 629 429 756 454; x_wconf 82' lang='lat' dir='ltr'>manu</span> <span class='ocrx_word' id='word_1_16' title='bbox 778 415 1031 455; x_wconf 87' lang='lat' dir='ltr'>concludens</span> <span class='ocrx_word' id='word_1_17' title='bbox 1060 415 1372 455; x_wconf 86' lang='lat' dir='ltr'>monarchiam.¹</span> <span class='ocrx_word' id='word_1_18' title='bbox 1435 415 1560 456; x_wconf 78' lang='lat' dir='ltr'>Quod</span> <span class='ocrx_word' id='word_1_19' title='bbox 1584 431 1607 454; x_wconf 87' lang='lat' dir='ltr'>a</span> 
     </span>
     <span class='ocr_line' id='line_1_4' title="bbox 214 481 1604 536; baseline 0.002 -17"><span class='ocrx_word' id='word_1_20' title='bbox 214 486 403 534; x_wconf 89' lang='lat' dir='ltr'>tempore</span> <span class='ocrx_word' id='word_1_21' title='bbox 426 496 511 536; x_wconf 90' lang='lat' dir='ltr'>quo</span> <span class='ocrx_word' id='word_1_22' title='bbox 535 481 645 521; x_wconf 86' lang='lat' dir='ltr'>Picti</span> <span class='ocrx_word' id='word_1_23' title='bbox 666 488 709 521; x_wconf 85' lang='lat' dir='ltr'>et</span> <span class='ocrx_word' id='word_1_24' title='bbox 732 482 847 522; x_wconf 82' lang='lat' dir='ltr'>Scoti</span> <span class='ocrx_word' id='word_1_25' title='bbox 870 482 1058 522; x_wconf 82' lang='lat' dir='ltr'>boreales</span> <span class='ocrx_word' id='word_1_26' title='bbox 1082 482 1232 522; x_wconf 85' lang='lat' dir='ltr'>insulae</span> <span class='ocrx_word' id='word_1_27' title='bbox 1264 490 1402 536; x_wconf 84' lang='lat' dir='ltr'>partes</span> <span class='ocrx_word' id='word_1_28' title='bbox 1423 483 1604 536; x_wconf 87' lang='lat' dir='ltr'>primum</span> 
     </span>
     <span class='ocr_line' id='line_1_5' title="bbox 213 549 1603 604; baseline 0.001 -16"><span class='ocrx_word' id='word_1_29' title='bbox 213 556 532 602; x_wconf 83' lang='lat' dir='ltr'>occupaverant,</span> <span class='ocrx_word' id='word_1_30' title='bbox 574 549 617 589; x_wconf 87' lang='lat' dir='ltr'>in</span> <span class='ocrx_word' id='word_1_31' title='bbox 655 550 772 589; x_wconf 89' lang='lat' dir='ltr'>nullo</span> <span class='ocrx_word' id='word_1_32' title='bbox 813 550 969 604; x_wconf 86' lang='lat' dir='ltr'>legitur</span> <span class='ocrx_word' id='word_1_33' title='bbox 1012 549 1257 590; x_wconf 86' lang='lat' dir='ltr'>authentico</span> <span class='ocrx_word' id='word_1_34' title='bbox 1298 549 1467 602; x_wconf 85' lang='lat' dir='ltr'>scripto,</span> <span class='ocrx_word' id='word_1_35' title='bbox 1510 556 1603 602; x_wconf 78' lang='lat' dir='ltr'>post</span> 
     </span>
     <span class='ocr_line' id='line_1_6' title="bbox 214 616 1603 672; baseline 0 -17"><span class='ocrx_word' id='word_1_36' title='bbox 214 623 404 671; x_wconf 84' lang='lat' dir='ltr'>tempora</span> <span class='ocrx_word' id='word_1_37' title='bbox 432 617 598 658; x_wconf 86' lang='lat' dir='ltr'>Claudii</span> <span class='ocrx_word' id='word_1_38' title='bbox 635 617 826 667; x_wconf 81' lang='lat' dir='ltr'>Caesaris,</span> <span class='ocrx_word' id='word_1_39' title='bbox 870 618 943 672; x_wconf 90' lang='lat' dir='ltr'>qui</span> <span class='ocrx_word' id='word_1_40' title='bbox 976 632 1062 658; x_wconf 91' lang='lat' dir='ltr'>non</span> <span class='ocrx_word' id='word_1_41' title='bbox 1086 618 1221 657; x_wconf 88' lang='lat' dir='ltr'>solum</span> <span class='ocrx_word' id='word_1_42' title='bbox 1256 616 1439 657; x_wconf 84' lang='lat' dir='ltr'>Scotialn</span> <span class='ocrx_word' id='word_1_43' title='bbox 1475 631 1603 669; x_wconf 83' lang='lat' dir='ltr'>regno</span> 
     </span>
     <span class='ocr_line' id='line_1_7' title="bbox 211 681 1606 737; baseline 0.001 -16"><span class='ocrx_word' id='word_1_44' title='bbox 211 681 473 734; x_wconf 86' lang='lat' dir='ltr'>Britannico,</span> <span class='ocrx_word' id='word_1_45' title='bbox 515 685 588 725; x_wconf 88' lang='lat' dir='ltr'>sed</span> <span class='ocrx_word' id='word_1_46' title='bbox 643 693 687 726; x_wconf 95' lang='lat' dir='ltr'>et</span> <span class='ocrx_word' id='word_1_47' title='bbox 736 686 893 726; x_wconf 86' lang='lat' dir='ltr'>insulas</span> <span class='ocrx_word' id='word_1_48' title='bbox 935 685 1149 726; x_wconf 85' lang='lat' dir='ltr'>Orcadum</span> <span class='ocrx_word' id='word_1_49' title='bbox 1201 685 1394 725; x_wconf 86' lang='lat' dir='ltr'>Romano</span> <span class='ocrx_word' id='word_1_50' title='bbox 1435 699 1606 737; x_wconf 81' lang='lat' dir='ltr'>quoque</span> 
     </span>
     <span class='ocr_line' id='line_1_8' title="bbox 210 749 1604 807; baseline 0.001 -18"><span class='ocrx_word' id='word_1_51' title='bbox 210 749 367 804; x_wconf 88' lang='lat' dir='ltr'>adjecit</span> <span class='ocrx_word' id='word_1_52' title='bbox 398 751 589 805; x_wconf 88' lang='lat' dir='ltr'>imperio,</span> <span class='ocrx_word' id='word_1_53' title='bbox 623 768 647 793; x_wconf 90' lang='lat' dir='ltr'>a</span> <span class='ocrx_word' id='word_1_54' title='bbox 683 768 899 807; x_wconf 86' lang='lat' dir='ltr'>quoquam</span> <span class='ocrx_word' id='word_1_55' title='bbox 938 753 1097 794; x_wconf 87' lang='lat' dir='ltr'>factum</span> <span class='ocrx_word' id='word_1_56' title='bbox 1136 752 1279 792; x_wconf 88' lang='lat' dir='ltr'>fuisse.</span> <span class='ocrx_word' id='word_1_57' title='bbox 1342 752 1424 792; x_wconf 87' lang='lat' dir='ltr'>Sed</span> <span class='ocrx_word' id='word_1_58' title='bbox 1464 759 1604 791; x_wconf 82' lang='lat' dir='ltr'>tantus</span> 
     </span>
     <span class='ocr_line' id='line_1_9' title="bbox 214 817 1604 874; baseline 0.001 -18"><span class='ocrx_word' id='word_1_59' title='bbox 214 817 339 870; x_wconf 88' lang='lat' dir='ltr'>(proh</span> <span class='ocrx_word' id='word_1_60' title='bbox 361 818 478 859; x_wconf 86' lang='lat' dir='ltr'>dolor</span> <span class='ocrx_word' id='word_1_61' title='bbox 497 819 526 873; x_wconf 69' lang='grc' dir='ltr'>ἔ)</span> <span class='ocrx_word' id='word_1_62' title='bbox 549 826 591 860; x_wconf 90' lang='lat' dir='ltr'>et</span> <span class='ocrx_word' id='word_1_63' title='bbox 613 826 697 860; x_wconf 85' lang='lat' dir='ltr'>tam</span> <span class='ocrx_word' id='word_1_64' title='bbox 714 820 961 874; x_wconf 80' lang='lat' dir='ltr'>magnificus</span> <span class='ocrx_word' id='word_1_65' title='bbox 974 820 1107 860; x_wconf 88' lang='lat' dir='ltr'>honor</span> <span class='ocrx_word' id='word_1_66' title='bbox 1127 820 1178 860; x_wconf 87' lang='lat' dir='ltr'>ab</span> <span class='ocrx_word' id='word_1_67' title='bbox 1197 819 1432 873; x_wconf 86' lang='lat' dir='ltr'>Anglicana</span> <span class='ocrx_word' id='word_1_68' title='bbox 1452 834 1604 859; x_wconf 80' lang='lat' dir='ltr'>corona</span> 
     </span>
     <span class='ocr_line' id='line_1_10' title="bbox 211 887 1603 942; baseline 0.002 -19"><span class='ocrx_word' id='word_1_69' title='bbox 211 898 287 938; x_wconf 85' lang='lat' dir='ltr'>per</span> <span class='ocrx_word' id='word_1_70' title='bbox 320 899 600 928; x_wconf 78' lang='lat' dir='ltr'>successorem</span> <span class='ocrx_word' id='word_1_71' title='bbox 630 888 910 942; x_wconf 49' lang='lat' dir='ltr'>proximum?</span> <span class='ocrx_word' id='word_1_72' title='bbox 935 888 1005 928; x_wconf 89' lang='lat' dir='ltr'>vili</span> <span class='ocrx_word' id='word_1_73' title='bbox 1039 888 1288 928; x_wconf 88' lang='lat' dir='ltr'>commercio</span> <span class='ocrx_word' id='word_1_74' title='bbox 1324 895 1367 928; x_wconf 87' lang='lat' dir='ltr'>et</span> <span class='ocrx_word' id='word_1_75' title='bbox 1402 887 1603 940; x_wconf 84' lang='lat' dir='ltr'>irrepara-</span> 
     </span>
     <span class='ocr_line' id='line_1_11' title="bbox 210 951 1604 1010; baseline 0.004 -20"><span class='ocrx_word' id='word_1_76' title='bbox 210 951 287 991; x_wconf 82' lang='lat' dir='ltr'>bili</span> <span class='ocrx_word' id='word_1_77' title='bbox 317 952 469 994; x_wconf 87' lang='lat' dir='ltr'>damno</span> <span class='ocrx_word' id='word_1_78' title='bbox 490 956 757 996; x_wconf 82' lang='lat' dir='ltr'><strong>venundatus</strong></span> <span class='ocrx_word' id='word_1_79' title='bbox 781 955 964 1004; x_wconf 87' lang='lat' dir='ltr'>evanuit,</span> <span class='ocrx_word' id='word_1_80' title='bbox 988 963 1031 995; x_wconf 90' lang='lat' dir='ltr'>et</span> <span class='ocrx_word' id='word_1_81' title='bbox 1051 970 1126 1009; x_wconf 85' lang='lat' dir='ltr'>pro</span> <span class='ocrx_word' id='word_1_82' title='bbox 1157 955 1292 1009; x_wconf 84' lang='lat' dir='ltr'>pretio</span> <span class='ocrx_word' id='word_1_83' title='bbox 1316 961 1604 1010; x_wconf 83' lang='lat' dir='ltr'>praetereunte</span> 
     </span>
     <span class='ocr_line' id='line_1_12' title="bbox 210 1023 1244 1077; baseline 0.003 -18"><span class='ocrx_word' id='word_1_84' title='bbox 210 1027 465 1073; x_wconf 86' lang='lat' dir='ltr'>perpetuum</span> <span class='ocrx_word' id='word_1_85' title='bbox 489 1029 531 1062; x_wconf 86' lang='lat' dir='ltr'>et</span> <span class='ocrx_word' id='word_1_86' title='bbox 550 1023 833 1077; x_wconf 82' lang='lat' dir='ltr'>impretiabile</span> <span class='ocrx_word' id='word_1_87' title='bbox 855 1023 980 1063; x_wconf 89' lang='lat' dir='ltr'>decus</span> <span class='ocrx_word' id='word_1_88' title='bbox 1003 1023 1244 1077; x_wconf 81' lang='lat' dir='ltr'>exspiravit.</span> 
     </span>
    </p>

    <p class='ocr_par' dir='ltr' id='par_1_3' title="bbox 204 1086 1604 1883">
     <span class='ocr_line' id='line_1_13' title="bbox 269 1086 1602 1144; baseline 0.004 -18"><span class='ocrx_word' id='word_1_89' title='bbox 269 1086 434 1129; x_wconf 89' lang='lat' dir='ltr'>Dicunt</span> <span class='ocrx_word' id='word_1_90' title='bbox 470 1096 611 1130; x_wconf 86' lang='lat' dir='ltr'>tamen</span> <span class='ocrx_word' id='word_1_91' title='bbox 643 1089 774 1139; x_wconf 86' lang='lat' dir='ltr'>Scoti,</span> <span class='ocrx_word' id='word_1_92' title='bbox 811 1096 854 1130; x_wconf 89' lang='lat' dir='ltr'>et</span> <span class='ocrx_word' id='word_1_93' title='bbox 887 1096 1060 1144; x_wconf 88' lang='lat' dir='ltr'>propter</span> <span class='ocrx_word' id='word_1_94' title='bbox 1094 1090 1297 1130; x_wconf 85' lang='lat' dir='ltr'>honorem</span> <span class='ocrx_word' id='word_1_95' title='bbox 1352 1097 1476 1131; x_wconf 85' lang='lat' dir='ltr'>terrae</span> <span class='ocrx_word' id='word_1_96' title='bbox 1513 1105 1602 1131; x_wconf 83' lang='lat' dir='ltr'>suae</span> 
     </span>
     <span class='ocr_line' id='line_1_14' title="bbox 209 1154 1604 1211; baseline 0.004 -19"><span class='ocrx_word' id='word_1_97' title='bbox 209 1154 406 1196; x_wconf 84' lang='lat' dir='ltr'>assertive</span> <span class='ocrx_word' id='word_1_98' title='bbox 425 1164 686 1211; x_wconf 83' lang='lat' dir='ltr'>proponunt,</span> <span class='ocrx_word' id='word_1_99' title='bbox 705 1157 819 1210; x_wconf 92' lang='lat' dir='ltr'>quod</span> <span class='ocrx_word' id='word_1_100' title='bbox 839 1157 1033 1211; x_wconf 89' lang='lat' dir='ltr'>princeps</span> <span class='ocrx_word' id='word_1_101' title='bbox 1054 1171 1199 1197; x_wconf 87' lang='lat' dir='ltr'>eorum</span> <span class='ocrx_word' id='word_1_102' title='bbox 1221 1163 1386 1197; x_wconf 89' lang='lat' dir='ltr'>tantum</span> <span class='ocrx_word' id='word_1_103' title='bbox 1408 1157 1458 1196; x_wconf 86' lang='lat' dir='ltr'>de</span> <span class='ocrx_word' id='word_1_104' title='bbox 1480 1164 1604 1207; x_wconf 81' lang='lat' dir='ltr'>terra,</span> 
     </span>
     <span class='ocr_line' id='line_1_15' title="bbox 211 1221 1602 1278; baseline 0.002 -17"><span class='ocrx_word' id='word_1_105' title='bbox 211 1236 308 1274; x_wconf 81' lang='lat' dir='ltr'>quae</span> <span class='ocrx_word' id='word_1_106' title='bbox 324 1221 480 1263; x_wconf 86' lang='lat' dir='ltr'>Leonis</span> <span class='ocrx_word' id='word_1_107' title='bbox 492 1232 678 1274; x_wconf 90' lang='lat' dir='ltr'>vocatur,</span> <span class='ocrx_word' id='word_1_108' title='bbox 696 1239 832 1278; x_wconf 87' lang='lat' dir='ltr'>usque</span> <span class='ocrx_word' id='word_1_109' title='bbox 849 1224 901 1264; x_wconf 89' lang='lat' dir='ltr'>ad</span> <span class='ocrx_word' id='word_1_110' title='bbox 916 1239 1030 1264; x_wconf 88' lang='lat' dir='ltr'>mare</span> <span class='ocrx_word' id='word_1_111' title='bbox 1046 1223 1273 1274; x_wconf 88' lang='lat' dir='ltr'>Scoticum,</span> <span class='ocrx_word' id='word_1_112' title='bbox 1289 1224 1401 1277; x_wconf 87' lang='lat' dir='ltr'>quod</span> <span class='ocrx_word' id='word_1_113' title='bbox 1419 1224 1602 1264; x_wconf 80' lang='lat' dir='ltr'>Scotiam</span> 
     </span>
     <span class='ocr_line' id='line_1_16' title="bbox 210 1290 1603 1345; baseline 0.001 -17"><span class='ocrx_word' id='word_1_114' title='bbox 210 1290 519 1342; x_wconf 85' lang='lat' dir='ltr'>propemodum</span> <span class='ocrx_word' id='word_1_115' title='bbox 558 1291 739 1331; x_wconf 86' lang='lat' dir='ltr'>insulam</span> <span class='ocrx_word' id='word_1_116' title='bbox 781 1291 949 1340; x_wconf 83' lang='lat' dir='ltr'>factam,</span> <span class='ocrx_word' id='word_1_117' title='bbox 990 1291 1042 1331; x_wconf 89' lang='lat' dir='ltr'>ab</span> <span class='ocrx_word' id='word_1_118' title='bbox 1082 1290 1319 1345; x_wconf 87' lang='lat' dir='ltr'>Anglicano</span> <span class='ocrx_word' id='word_1_119' title='bbox 1364 1291 1603 1345; x_wconf 87' lang='lat' dir='ltr'>antiquitus</span> 
     </span>
     <span class='ocr_line' id='line_1_17' title="bbox 210 1355 1604 1412; baseline 0.004 -19"><span class='ocrx_word' id='word_1_120' title='bbox 210 1368 340 1408; x_wconf 88' lang='lat' dir='ltr'>regno</span> <span class='ocrx_word' id='word_1_121' title='bbox 377 1355 703 1408; x_wconf 85' lang='lat' dir='ltr'>discriminavit3</span> <span class='ocrx_word' id='word_1_122' title='bbox 736 1373 831 1398; x_wconf 89' lang='lat' dir='ltr'>cum</span> <span class='ocrx_word' id='word_1_123' title='bbox 868 1359 1003 1399; x_wconf 86' lang='lat' dir='ltr'>tribus</span> <span class='ocrx_word' id='word_1_124' title='bbox 1044 1358 1225 1399; x_wconf 83' lang='lat' dir='ltr'>castellis</span> <span class='ocrx_word' id='word_1_125' title='bbox 1259 1358 1436 1412; x_wconf 80' lang='lat' dir='ltr'>egregiis</span> <span class='ocrx_word' id='word_1_126' title='bbox 1478 1359 1521 1398; x_wconf 94' lang='lat' dir='ltr'>in</span> <span class='ocrx_word' id='word_1_127' title='bbox 1556 1374 1604 1399; x_wconf 85' lang='lat' dir='ltr'>ea</span> 
     </span>
     <span class='ocr_line' id='line_1_18' title="bbox 208 1423 1604 1479; baseline 0.004 -19"><span class='ocrx_word' id='word_1_128' title='bbox 208 1423 417 1463; x_wconf 87' lang='lat' dir='ltr'>contentis</span> <span class='ocrx_word' id='word_1_129' title='bbox 438 1423 725 1466; x_wconf 89' lang='lat' dir='ltr'>Rocheburch</span> <span class='ocrx_word' id='word_1_130' title='bbox 744 1433 843 1466; x_wconf 91' lang='lat' dir='ltr'>tunc</span> <span class='ocrx_word' id='word_1_131' title='bbox 864 1425 1052 1474; x_wconf 85' lang='lat' dir='ltr'>redditis,</span> <span class='ocrx_word' id='word_1_132' title='bbox 1076 1425 1187 1479; x_wconf 83' lang='lat' dir='ltr'>Regi</span> <span class='ocrx_word' id='word_1_133' title='bbox 1210 1424 1445 1479; x_wconf 88' lang='lat' dir='ltr'>Anglorum</span> <span class='ocrx_word' id='word_1_134' title='bbox 1468 1426 1604 1479; x_wconf 90' lang='lat' dir='ltr'>primo</span> 
     </span>
     <span class='ocr_line' id='line_1_19' title="bbox 209 1489 1600 1546; baseline 0.004 -17"><span class='ocrx_word' id='word_1_135' title='bbox 209 1489 446 1543; x_wconf 87' lang='lat' dir='ltr'>captionem</span> <span class='ocrx_word' id='word_1_136' title='bbox 467 1492 581 1546; x_wconf 90' lang='lat' dir='ltr'>apud</span> <span class='ocrx_word' id='word_1_137' title='bbox 603 1492 811 1534; x_wconf 89' lang='lat' dir='ltr'>Aunewic</span> <span class='ocrx_word' id='word_1_138' title='bbox 842 1501 886 1534; x_wconf 90' lang='lat' dir='ltr'>et</span> <span class='ocrx_word' id='word_1_139' title='bbox 915 1493 1207 1533; x_wconf 86' lang='lat' dir='ltr'>liberationem</span> <span class='ocrx_word' id='word_1_140' title='bbox 1237 1492 1455 1533; x_wconf 90' lang='lat' dir='ltr'>hominum</span> <span class='ocrx_word' id='word_1_141' title='bbox 1486 1492 1600 1534; x_wconf 84' lang='lat' dir='ltr'>fecit.</span> 
     </span>
     <span class='ocr_line' id='line_1_20' title="bbox 208 1555 1602 1615; baseline 0.003 -19"><span class='ocrx_word' id='word_1_142' title='bbox 208 1555 365 1598; x_wconf 87' lang='lat' dir='ltr'>Verius</span> <span class='ocrx_word' id='word_1_143' title='bbox 413 1566 557 1600; x_wconf 88' lang='lat' dir='ltr'>autem</span> <span class='ocrx_word' id='word_1_144' title='bbox 593 1568 636 1601; x_wconf 88' lang='lat' dir='ltr'>et</span> <span class='ocrx_word' id='word_1_145' title='bbox 674 1561 799 1615; x_wconf 90' lang='lat' dir='ltr'>longe</span> <span class='ocrx_word' id='word_1_146' title='bbox 838 1560 1104 1601; x_wconf 85' lang='lat' dir='ltr'>verisimilius</span> <span class='ocrx_word' id='word_1_147' title='bbox 1152 1575 1240 1600; x_wconf 91' lang='lat' dir='ltr'>esse</span> <span class='ocrx_word' id='word_1_148' title='bbox 1276 1560 1443 1600; x_wconf 88' lang='lat' dir='ltr'>videtur</span> <span class='ocrx_word' id='word_1_149' title='bbox 1488 1560 1602 1614; x_wconf 89' lang='lat' dir='ltr'>quod</span> 
     </span>
     <span class='ocr_line' id='line_1_21' title="bbox 206 1623 1602 1683; baseline 0.003 -20"><span class='ocrx_word' id='word_1_150' title='bbox 206 1623 401 1679; x_wconf 90' lang='lat' dir='ltr'>princeps</span> <span class='ocrx_word' id='word_1_151' title='bbox 423 1641 569 1667; x_wconf 85' lang='lat' dir='ltr'>eorum</span> <span class='ocrx_word' id='word_1_152' title='bbox 588 1627 701 1669; x_wconf 92' lang='lat' dir='ltr'>bello</span> <span class='ocrx_word' id='word_1_153' title='bbox 722 1636 870 1683; x_wconf 86' lang='lat' dir='ltr'>captus</span> <span class='ocrx_word' id='word_1_154' title='bbox 896 1635 940 1668; x_wconf 92' lang='lat' dir='ltr'>et</span> <span class='ocrx_word' id='word_1_155' title='bbox 964 1628 1258 1676; x_wconf 81' lang='lat' dir='ltr'>incarceratus,</span> <span class='ocrx_word' id='word_1_156' title='bbox 1281 1628 1332 1667; x_wconf 88' lang='lat' dir='ltr'>ad</span> <span class='ocrx_word' id='word_1_157' title='bbox 1363 1628 1602 1682; x_wconf 89' lang='lat' dir='ltr'>cujuscum-</span> 
     </span>
     <span class='ocr_line' id='line_1_22' title="bbox 208 1692 1602 1750; baseline 0.002 -19"><span class='ocrx_word' id='word_1_158' title='bbox 208 1705 291 1744; x_wconf 90' lang='lat' dir='ltr'>que</span> <span class='ocrx_word' id='word_1_159' title='bbox 310 1692 560 1735; x_wconf 89' lang='lat' dir='ltr'>discriminis</span> <span class='ocrx_word' id='word_1_160' title='bbox 577 1695 898 1750; x_wconf 88' lang='lat' dir='ltr'>subjectionem,</span> <span class='ocrx_word' id='word_1_161' title='bbox 915 1702 990 1736; x_wconf 87' lang='lat' dir='ltr'>aut</span> <span class='ocrx_word' id='word_1_162' title='bbox 1007 1695 1134 1735; x_wconf 90' lang='lat' dir='ltr'>etiam</span> <span class='ocrx_word' id='word_1_163' title='bbox 1153 1694 1254 1735; x_wconf 91' lang='lat' dir='ltr'>belli</span> <span class='ocrx_word' id='word_1_164' title='bbox 1269 1695 1367 1749; x_wconf 89' lang='lat' dir='ltr'>jure</span> <span class='ocrx_word' id='word_1_165' title='bbox 1389 1694 1602 1734; x_wconf 88' lang='lat' dir='ltr'>servitutis</span> 
     </span>
     <span class='ocr_line' id='line_1_23' title="bbox 204 1759 1599 1812; baseline 0.004 -15"><span class='ocrx_word' id='word_1_166' title='bbox 204 1759 437 1812; x_wconf 85' lang='lat' dir='ltr'>cujuslibet</span> <span class='ocrx_word' id='word_1_167' title='bbox 473 1760 801 1811; x_wconf 89' lang='lat' dir='ltr'>incommodum,</span> <span class='ocrx_word' id='word_1_168' title='bbox 837 1770 887 1802; x_wconf 87' lang='lat' dir='ltr'>ut</span> <span class='ocrx_word' id='word_1_169' title='bbox 917 1762 1149 1802; x_wconf 89' lang='lat' dir='ltr'>solveretur</span> <span class='ocrx_word' id='word_1_170' title='bbox 1187 1776 1211 1801; x_wconf 84' lang='lat' dir='ltr'>a</span> <span class='ocrx_word' id='word_1_171' title='bbox 1237 1761 1414 1802; x_wconf 87' lang='lat' dir='ltr'>vinculis</span> <span class='ocrx_word' id='word_1_172' title='bbox 1454 1761 1599 1802; x_wconf 85' lang='lat' dir='ltr'>ferreis</span> 
     </span>
     <span class='ocr_line' id='line_1_24' title="bbox 208 1828 1053 1883; baseline 0.004 -19"><span class='ocrx_word' id='word_1_173' title='bbox 208 1831 252 1865; x_wconf 86' lang='lat' dir='ltr'>et</span> <span class='ocrx_word' id='word_1_174' title='bbox 273 1840 484 1866; x_wconf 82' lang='lat' dir='ltr'>carcerum</span> <span class='ocrx_word' id='word_1_175' title='bbox 508 1828 707 1878; x_wconf 86' lang='lat' dir='ltr'>tenebris,</span> <span class='ocrx_word' id='word_1_176' title='bbox 730 1828 880 1869; x_wconf 83' lang='lat' dir='ltr'>arctari</span> <span class='ocrx_word' id='word_1_177' title='bbox 898 1835 1053 1883; x_wconf 90' lang='lat' dir='ltr'>posset.</span> 
     </span>
    </p>

    <p class='ocr_par' dir='ltr' id='par_1_4' title="bbox 206 1891 1599 2753">
     <span class='ocr_line' id='line_1_25' title="bbox 266 1891 1597 1950; baseline 0.004 -19"><span class='ocrx_word' id='word_1_178' title='bbox 266 1891 481 1933; x_wconf 78' lang='lat' dir='ltr'>Praeterea</span> <span class='ocrx_word' id='word_1_179' title='bbox 513 1894 556 1934; x_wconf 90' lang='lat' dir='ltr'>in</span> <span class='ocrx_word' id='word_1_180' title='bbox 589 1895 873 1935; x_wconf 86' lang='lat' dir='ltr'>transmarinis</span> <span class='ocrx_word' id='word_1_181' title='bbox 902 1895 1173 1949; x_wconf 79' lang='lat' dir='ltr'>Aquitanicae</span> <span class='ocrx_word' id='word_1_182' title='bbox 1208 1895 1362 1936; x_wconf 85' lang='lat' dir='ltr'>Galliae</span> <span class='ocrx_word' id='word_1_183' title='bbox 1392 1896 1597 1950; x_wconf 83' lang='lat' dir='ltr'>partibus,</span> 
     </span>
     <span class='ocr_line' id='line_1_26' title="bbox 207 1960 1597 2017; baseline 0.003 -18"><span class='ocrx_word' id='word_1_184' title='bbox 207 1966 364 2012; x_wconf 84' lang='lat' dir='ltr'>praeter</span> <span class='ocrx_word' id='word_1_185' title='bbox 385 1960 690 2015; x_wconf 84' lang='lat' dir='ltr'>Andegaviam,</span> <span class='ocrx_word' id='word_1_186' title='bbox 727 1962 1057 2003; x_wconf 88' lang='lat' dir='ltr'>Cenomanniam</span> <span class='ocrx_word' id='word_1_187' title='bbox 1084 1970 1128 2003; x_wconf 85' lang='lat' dir='ltr'>et</span> <span class='ocrx_word' id='word_1_188' title='bbox 1163 1963 1406 2013; x_wconf 87' lang='lat' dir='ltr'>Turoniam,</span> <span class='ocrx_word' id='word_1_189' title='bbox 1431 1979 1525 2017; x_wconf 84' lang='lat' dir='ltr'>quae</span> <span class='ocrx_word' id='word_1_190' title='bbox 1560 1964 1597 2003; x_wconf 83' lang='lat' dir='ltr'>ci</span> 
     </span>
     <span class='ocr_line' id='line_1_27' title="bbox 208 2026 1597 2083; baseline 0.004 -18"><span class='ocrx_word' id='word_1_191' title='bbox 208 2026 492 2079; x_wconf 85' lang='lat' dir='ltr'>patrimoniali</span> <span class='ocrx_word' id='word_1_192' title='bbox 513 2029 625 2082; x_wconf 87' lang='lat' dir='ltr'>jure,</span> <span class='ocrx_word' id='word_1_193' title='bbox 653 2029 883 2069; x_wconf 86' lang='lat' dir='ltr'>Pictaviam</span> <span class='ocrx_word' id='word_1_194' title='bbox 912 2044 1082 2083; x_wconf 88' lang='lat' dir='ltr'>quoque</span> <span class='ocrx_word' id='word_1_195' title='bbox 1111 2037 1155 2070; x_wconf 92' lang='lat' dir='ltr'>et</span> <span class='ocrx_word' id='word_1_196' title='bbox 1182 2029 1434 2070; x_wconf 81' lang='lat' dir='ltr'>Gaseoniam</span> <span class='ocrx_word' id='word_1_197' title='bbox 1467 2039 1597 2071; x_wconf 83' lang='lat' dir='ltr'>totam</span> 
     </span>
     <span class='ocr_line' id='line_1_28' title="bbox 208 2094 1599 2150; baseline 0.004 -18"><span class='ocrx_word' id='word_1_198' title='bbox 208 2107 343 2146; x_wconf 88' lang='lat' dir='ltr'>usque</span> <span class='ocrx_word' id='word_1_199' title='bbox 365 2094 416 2134; x_wconf 92' lang='lat' dir='ltr'>ad</span> <span class='ocrx_word' id='word_1_200' title='bbox 435 2094 663 2148; x_wconf 78' lang='lat' dir='ltr'>Pyrenaeos</span> <span class='ocrx_word' id='word_1_201' title='bbox 681 2096 902 2150; x_wconf 67' lang='lat' dir='ltr'>Hispaniae</span> <span class='ocrx_word' id='word_1_202' title='bbox 924 2103 1101 2146; x_wconf 88' lang='lat' dir='ltr'>montes,</span> <span class='ocrx_word' id='word_1_203' title='bbox 1117 2111 1214 2150; x_wconf 85' lang='lat' dir='ltr'>quae</span> <span class='ocrx_word' id='word_1_204' title='bbox 1233 2097 1271 2137; x_wconf 89' lang='lat' dir='ltr'>ei</span> <span class='ocrx_word' id='word_1_205' title='bbox 1284 2097 1599 2137; x_wconf 79' lang='lat' dir='ltr'>matrimoniali-</span> 
     </span>
     <span class='ocr_line' id='line_1_29' title="bbox 208 2160 1599 2213; baseline 0.004 -14"><span class='ocrx_word' id='word_1_206' title='bbox 208 2166 273 2199; x_wconf 89' lang='lat' dir='ltr'>ter</span> <span class='ocrx_word' id='word_1_207' title='bbox 289 2160 560 2212; x_wconf 76' lang='lat' dir='ltr'>obvenerant,</span> <span class='ocrx_word' id='word_1_208' title='bbox 583 2163 816 2204; x_wconf 86' lang='lat' dir='ltr'>dominatui</span> <span class='ocrx_word' id='word_1_209' title='bbox 837 2179 913 2204; x_wconf 89' lang='lat' dir='ltr'>suo</span> <span class='ocrx_word' id='word_1_210' title='bbox 934 2163 1180 2204; x_wconf 88' lang='lat' dir='ltr'>Alverniam</span> <span class='ocrx_word' id='word_1_211' title='bbox 1202 2172 1245 2204; x_wconf 84' lang='lat' dir='ltr'>et</span> <span class='ocrx_word' id='word_1_212' title='bbox 1263 2164 1495 2213; x_wconf 86' lang='lat' dir='ltr'>Berricum,</span> <span class='ocrx_word' id='word_1_213' title='bbox 1519 2165 1599 2204; x_wconf 87' lang='lat' dir='ltr'>Gi-</span> 
     </span>
     <span class='ocr_line' id='line_1_30' title="bbox 207 2228 1598 2284; baseline 0.003 -17"><span class='ocrx_word' id='word_1_214' title='bbox 207 2228 384 2268; x_wconf 81' lang='lat' dir='ltr'>sortium</span> <span class='ocrx_word' id='word_1_215' title='bbox 406 2244 578 2284; x_wconf 89' lang='lat' dir='ltr'>quoque</span> <span class='ocrx_word' id='word_1_216' title='bbox 600 2245 695 2270; x_wconf 89' lang='lat' dir='ltr'>cum</span> <span class='ocrx_word' id='word_1_217' title='bbox 712 2230 926 2284; x_wconf 87' lang='lat' dir='ltr'>Vegesino</span> <span class='ocrx_word' id='word_1_218' title='bbox 946 2231 1247 2280; x_wconf 88' lang='lat' dir='ltr'>Normannico,</span> <span class='ocrx_word' id='word_1_219' title='bbox 1268 2231 1367 2271; x_wconf 88' lang='lat' dir='ltr'>olim</span> <span class='ocrx_word' id='word_1_220' title='bbox 1391 2232 1598 2272; x_wconf 79' lang='lat' dir='ltr'>Nonnan—</span> 
     </span>
     <span class='ocr_line' id='line_1_31' title="bbox 206 2294 1594 2350; baseline 0.004 -17"><span class='ocrx_word' id='word_1_221' title='bbox 206 2294 289 2334; x_wconf 89' lang='lat' dir='ltr'>niae</span> <span class='ocrx_word' id='word_1_222' title='bbox 312 2295 543 2344; x_wconf 83' lang='lat' dir='ltr'>subtracto,</span> <span class='ocrx_word' id='word_1_223' title='bbox 565 2297 742 2336; x_wconf 88' lang='lat' dir='ltr'>viriliter</span> <span class='ocrx_word' id='word_1_224' title='bbox 762 2297 929 2350; x_wconf 88' lang='lat' dir='ltr'>adjecit.</span> <span class='ocrx_word' id='word_1_225' title='bbox 993 2297 1084 2337; x_wconf 91' lang='lat' dir='ltr'>Ncc</span> <span class='ocrx_word' id='word_1_226' title='bbox 1101 2298 1235 2337; x_wconf 90' lang='lat' dir='ltr'>solum</span> <span class='ocrx_word' id='word_1_227' title='bbox 1256 2298 1308 2337; x_wconf 83' lang='lat' dir='ltr'>ad</span> <span class='ocrx_word' id='word_1_228' title='bbox 1324 2298 1594 2347; x_wconf 77' lang='lat' dir='ltr'>Francorum,</span> 
     </span>
     <span class='ocr_line' id='line_1_32' title="bbox 208 2361 1595 2417; baseline 0.004 -17"><span class='ocrx_word' id='word_1_229' title='bbox 208 2361 407 2415; x_wconf 87' lang='lat' dir='ltr'>simplicis</span> <span class='ocrx_word' id='word_1_230' title='bbox 422 2377 467 2402; x_wconf 87' lang='lat' dir='ltr'>ac</span> <span class='ocrx_word' id='word_1_231' title='bbox 480 2363 613 2403; x_wconf 85' lang='lat' dir='ltr'>sancti</span> <span class='ocrx_word' id='word_1_232' title='bbox 629 2363 706 2402; x_wconf 90' lang='lat' dir='ltr'>viri</span> <span class='ocrx_word' id='word_1_233' title='bbox 721 2362 926 2403; x_wconf 85' lang='lat' dir='ltr'>Ludovici</span> <span class='ocrx_word' id='word_1_234' title='bbox 941 2364 1072 2417; x_wconf 87' lang='lat' dir='ltr'>Regis</span> <span class='ocrx_word' id='word_1_235' title='bbox 1089 2365 1267 2404; x_wconf 86' lang='lat' dir='ltr'>abutens</span> <span class='ocrx_word' id='word_1_236' title='bbox 1285 2365 1595 2414; x_wconf 83' lang='lat' dir='ltr'>commoditate,</span> 
     </span>
     <span class='ocr_line' id='line_1_33' title="bbox 207 2429 1594 2484; baseline 0.002 -16"><span class='ocrx_word' id='word_1_237' title='bbox 207 2443 350 2469; x_wconf 87' lang='lat' dir='ltr'>verum</span> <span class='ocrx_word' id='word_1_238' title='bbox 385 2429 511 2469; x_wconf 84' lang='lat' dir='ltr'>etiam</span> <span class='ocrx_word' id='word_1_239' title='bbox 543 2430 596 2470; x_wconf 90' lang='lat' dir='ltr'>ad</span> <span class='ocrx_word' id='word_1_240' title='bbox 633 2429 923 2470; x_wconf 84' lang='lat' dir='ltr'>Romanorum</span> <span class='ocrx_word' id='word_1_241' title='bbox 951 2431 1190 2484; x_wconf 87' lang='lat' dir='ltr'>imperium,</span> <span class='ocrx_word' id='word_1_242' title='bbox 1214 2432 1426 2471; x_wconf 84' lang='lat' dir='ltr'>occasione</span> <span class='ocrx_word' id='word_1_243' title='bbox 1452 2447 1594 2472; x_wconf 60' lang='grc' dir='ltr'>ψει-ιω</span> 
     </span>
     <span class='ocr_line' id='line_1_34' title="bbox 208 2495 1598 2552; baseline 0.004 -17"><span class='ocrx_word' id='word_1_244' title='bbox 208 2495 387 2536; x_wconf 85' lang='lat' dir='ltr'>diutinae</span> <span class='ocrx_word' id='word_1_245' title='bbox 411 2503 454 2536; x_wconf 89' lang='lat' dir='ltr'>et</span> <span class='ocrx_word' id='word_1_246' title='bbox 468 2497 742 2537; x_wconf 82' lang='lat' dir='ltr'>inexorabilis</span> <span class='ocrx_word' id='word_1_247' title='bbox 764 2497 982 2538; x_wconf 86' lang='lat' dir='ltr'>discordiae</span> <span class='ocrx_word' id='word_1_248' title='bbox 1000 2498 1108 2538; x_wconf 84' lang='lat' dir='ltr'>inter</span> <span class='ocrx_word' id='word_1_249' title='bbox 1123 2498 1427 2552; x_wconf 86' lang='lat' dir='ltr'>Imperatorem</span> <span class='ocrx_word' id='word_1_250' title='bbox 1446 2499 1598 2540; x_wconf 76' lang='lat' dir='ltr'>Frede-</span> 
     </span>
     <span class='ocr_line' id='line_1_35' title="bbox 209 2563 1599 2619; baseline 0.003 -17"><span class='ocrx_word' id='word_1_251' title='bbox 209 2563 342 2602; x_wconf 77' lang='lat' dir='ltr'>ticum</span> <span class='ocrx_word' id='word_1_252' title='bbox 364 2570 407 2603; x_wconf 85' lang='lat' dir='ltr'>et</span> <span class='ocrx_word' id='word_1_253' title='bbox 419 2578 515 2603; x_wconf 88' lang='lat' dir='ltr'>suos</span> <span class='ocrx_word' id='word_1_254' title='bbox 533 2564 710 2612; x_wconf 85' lang='lat' dir='ltr'>obortae,</span> <span class='ocrx_word' id='word_1_255' title='bbox 738 2572 819 2604; x_wconf 82' lang='lat' dir='ltr'>tam</span> <span class='ocrx_word' id='word_1_256' title='bbox 839 2564 890 2604; x_wconf 85' lang='lat' dir='ltr'>ab</span> <span class='ocrx_word' id='word_1_257' title='bbox 914 2563 1037 2604; x_wconf 82' lang='lat' dir='ltr'>Italia</span> <span class='ocrx_word' id='word_1_258' title='bbox 1059 2572 1146 2606; x_wconf 86' lang='lat' dir='ltr'>tota</span> <span class='ocrx_word' id='word_1_259' title='bbox 1167 2581 1290 2619; x_wconf 87' lang='lat' dir='ltr'>quam</span> <span class='ocrx_word' id='word_1_260' title='bbox 1309 2567 1413 2606; x_wconf 83' lang='lat' dir='ltr'>urbe</span> <span class='ocrx_word' id='word_1_261' title='bbox 1436 2567 1599 2606; x_wconf 85' lang='lat' dir='ltr'>Romu-</span> 
     </span>
     <span class='ocr_line' id='line_1_36' title="bbox 206 2629 1596 2685; baseline 0.002 -16"><span class='ocrx_word' id='word_1_262' title='bbox 206 2629 271 2669; x_wconf 87' lang='lat' dir='ltr'>lea</span> <span class='ocrx_word' id='word_1_263' title='bbox 284 2631 439 2684; x_wconf 90' lang='lat' dir='ltr'>saepius</span> <span class='ocrx_word' id='word_1_264' title='bbox 456 2630 673 2680; x_wconf 83' lang='lat' dir='ltr'>invitatus,</span> <span class='ocrx_word' id='word_1_265' title='bbox 693 2639 930 2685; x_wconf 80' lang='lat' dir='ltr'>comparata</span> <span class='ocrx_word' id='word_1_266' title='bbox 946 2632 1118 2685; x_wconf 90' lang='lat' dir='ltr'>quidem</span> <span class='ocrx_word' id='word_1_267' title='bbox 1133 2633 1210 2672; x_wconf 90' lang='lat' dir='ltr'>sibi</span> <span class='ocrx_word' id='word_1_268' title='bbox 1226 2633 1277 2673; x_wconf 85' lang='lat' dir='ltr'>ad</span> <span class='ocrx_word' id='word_1_269' title='bbox 1293 2633 1371 2674; x_wconf 89' lang='lat' dir='ltr'>hoc</span> <span class='ocrx_word' id='word_1_270' title='bbox 1389 2633 1596 2673; x_wconf 53' lang='lat' dir='ltr'>Ivlorianae</span> 
     </span>
     <span class='ocr_line' id='line_1_37' title="bbox 207 2697 1599 2753; baseline 0.001 -16"><span class='ocrx_word' id='word_1_271' title='bbox 207 2697 325 2739; x_wconf 86' lang='lat' dir='ltr'>vallis</span> <span class='ocrx_word' id='word_1_272' title='bbox 357 2705 400 2739; x_wconf 87' lang='lat' dir='ltr'>et</span> <span class='ocrx_word' id='word_1_273' title='bbox 421 2699 599 2753; x_wconf 88' lang='lat' dir='ltr'>Alpium</span> <span class='ocrx_word' id='word_1_274' title='bbox 620 2699 699 2749; x_wconf 86' lang='lat' dir='ltr'>via,</span> <span class='ocrx_word' id='word_1_275' title='bbox 723 2699 794 2739; x_wconf 88' lang='lat' dir='ltr'>sed</span> <span class='ocrx_word' id='word_1_276' title='bbox 816 2714 898 2739; x_wconf 89' lang='lat' dir='ltr'>non</span> <span class='ocrx_word' id='word_1_277' title='bbox 927 2699 1151 2740; x_wconf 85' lang='lat' dir='ltr'>efficaciter</span> <span class='ocrx_word' id='word_1_278' title='bbox 1185 2700 1370 2749; x_wconf 81' lang='lat' dir='ltr'>obtenta,</span> <span class='ocrx_word' id='word_1_279' title='bbox 1405 2700 1599 2740; x_wconf 72' lang='lat' dir='ltr'>animosi-</span> 
     </span>
    </p>
   </div>
   <div class='ocr_carea' id='block_1_3' title="bbox 421 2787 1392 2832">
    <p class='ocr_par' dir='ltr' id='par_1_5' title="bbox 421 2787 1392 2832">
     <span class='ocr_line' id='line_1_38' title="bbox 421 2787 1392 2832; baseline 0.001 -13"><span class='ocrx_word' id='word_1_280' title='bbox 421 2788 428 2806; x_wconf 86' lang='lat'>¹</span> <span class='ocrx_word' id='word_1_281' title='bbox 456 2787 518 2819; x_wconf 78' lang='lat' dir='ltr'>See</span> <span class='ocrx_word' id='word_1_282' title='bbox 539 2787 770 2831; x_wconf 79' lang='lat' dir='ltr'>Hemingsord,</span> <span class='ocrx_word' id='word_1_283' title='bbox 789 2799 822 2832; x_wconf 84' lang='lat' dir='ltr'>p.</span> <span class='ocrx_word' id='word_1_284' title='bbox 841 2790 919 2821; x_wconf 68' lang='lat'>496.</span> <span class='ocrx_word' id='word_1_285' title='bbox 1083 2789 1095 2809; x_wconf 79' lang='lat'>2</span> <span class='ocrx_word' id='word_1_286' title='bbox 1120 2789 1173 2821; x_wconf 83' lang='lat' dir='ltr'>Sc.</span> <span class='ocrx_word' id='word_1_287' title='bbox 1192 2788 1392 2821; x_wconf 71' lang='lat' dir='ltr'>Johauncm.</span> 
     </span>
    </p>
   </div>
  </div>
 </body>
</html>
