1908 3135
504 256 567 287 DE
601 253 950 287 INSTRUCTIONE
985 252 1267 284 PRINCIPUM.
1529 245 1552 282 5
1560 244 1578 281 l

188 355 288 395 totis
308 353 467 395 viribus
487 368 713 408 procurare
736 359 943 394 tenemur.
1017 353 1130 393 Hine
1152 360 1216 393 est
1236 352 1351 406 quod
1382 351 1586 392 universis

186 430 230 463 et
245 421 421 475 singulis
434 421 544 461 infra
556 421 675 474 regni
686 420 917 475 Anglieani
931 421 1138 461 ambitum
1153 419 1395 461 constitutiS
1411 419 1587 459 firmiter

187 489 448 544 injungimus
484 496 528 529 et
554 488 784 543 apostolico
819 489 975 543 scripto
1014 487 1302 543 praecipiendo
1341 487 1587 527 mandamus

187 564 398 610 quatenus
417 555 543 596 fidem
567 554 725 596 Christi
747 555 934 596 debitam
953 570 1030 610 per
1062 555 1202 595 omnia
1233 554 1416 595 fideliter
1447 555 1587 594 obser-

187 630 313 672 vent3
346 623 511 677 tibique
542 630 745 677 tanquam
766 622 937 663 domino
958 638 1005 663 ac
1026 622 1209 677 principi
1239 636 1315 662 suo
1348 622 1507 662 subditi
1539 630 1589 663 ut

186 691 310 731 decet
330 696 374 730 et
393 689 640 730 obedientes
661 690 862 730 existant.
936 689 1082 744 Siquis
1103 697 1248 730 autem
1268 704 1413 730 eorum
1444 696 1586 743 spreto

186 757 266 799 hoc
305 764 450 798 nostro
486 757 684 797 mandato
715 757 928 811 judicium
968 757 1097 797 curiae
1138 763 1227 798 tuae
1266 756 1491 805 declinans,
1543 764 1585 797 te

187 825 330 878 potius
367 824 492 864 armis
524 824 763 878 inquietare
791 839 1058 878 regnumque
1092 831 1214 864 tuum
1243 823 1442 864 infestare
1477 839 1588 878 prae-

186 892 414 946 sumpserit
432 908 442 942 ;
475 891 820 946 Archiepiscopis
840 892 960 945 regni
982 891 1176 932 dedimus
1196 891 1239 931 in
1255 891 1462 931 mandatis
1485 906 1589 945 qua-

186 967 311 1000 tenus
331 966 428 1014 post
449 959 601 1000 trinam
622 959 951 999 admonitionem
973 959 1054 999 nisi
1076 958 1319 1012 resipiscere
1350 965 1392 998 et
1413 958 1465 998 ad
1485 959 1589 999 fide-

188 1027 355 1067 litatem
395 1033 513 1067 tuam
550 1034 593 1066 et
642 1041 790 1080 pacem
829 1026 965 1066 redire
1006 1025 1204 1074 voluerit,
1257 1040 1353 1065 eum
1403 1026 1588 1079 publice,

187 1094 372 1135 candelis
391 1093 576 1134 accensis
607 1101 753 1133 nostra
786 1093 1156 1133 excommunicent
1175 1092 1441 1141 auctoritate,
1473 1100 1517 1133 et
1537 1094 1589 1133 ab

187 1161 384 1202 omnibus
415 1161 585 1201 interim
625 1167 828 1214 tanquam
868 1160 1285 1200 excommunicatum
1320 1160 1484 1200 cautius
1520 1161 1592 1201 de-

186 1228 387 1270 nuntient
406 1226 692 1269 evitandum.’'

754 1361 859 1402 CAP.
884 1362 1023 1403 XIX.

309 1464 377 1504 De
389 1463 628 1518 privileyiis
649 1463 746 1503 aliis
756 1469 932 1518 propter
952 1464 1215 1518 Hybernicos
1236 1465 1498 1518 impetratis)

249 1563 368 1604 ALIA
387 1579 485 1605 vero
519 1565 740 1619 privilegia
771 1565 1104 1619 expugnationis
1127 1565 1388 1619 Hybernicae
1421 1565 1592 1607 licentia
1607 1575 1666 1600 The
1680 1576 1752 1606 Pope

189 1631 270 1671 sub
289 1632 437 1672 eodem
458 1638 604 1673 tenore
627 1648 712 1687 quo
733 1633 778 1673 in
808 1633 919 1673 libro
951 1633 1303 1687 Expugnationis
1327 1633 1588 1689 Hybernicae
1609 1612 1757 1700 {ssffissdto

190 1699 327 1753 posita
363 1706 476 1749 sunt,
507 1707 551 1740 et
580 1700 649 1740 hic
671 1715 842 1754 quoque
876 1701 1014 1755 posita
1044 1701 1177 1741 lector
1212 1701 1414 1742 inveniet.
1476 1705 1503 1723 “
1520 1702 1590 1741 In-
1639 1683 1712 1707 enry.

191 1773 305 1807 terea
326 1782 569 1820 quanquam
589 1767 750 1807 martiis
770 1767 1000 1821 plurimum
1022 1767 1212 1808 intentus
1235 1775 1278 1808 et
1298 1769 1495 1809 detentus
1516 1783 1592 1809 ex-

191 1833 362 1883 ercitiis,
404 1833 644 1888 Anglorum
666 1834 765 1875 Rex
787 1850 876 1875 suae
909 1841 1049 1874 tamen
1070 1834 1183 1875 inter
1202 1836 1412 1889 agendum
1433 1836 1593 1876 Hiber-

190 1901 274 1941 niae
310 1915 395 1941 non
426 1901 662 1950 immemor,
695 1916 791 1941 cum
825 1901 1077 1955 praenotatis
1108 1902 1406 1956 spurcitiarum
1438 1904 1592 1945 litteris

190 1968 235 2008 in
280 1969 440 2021 synodo
476 1968 719 2009 Cassiliensi
753 1983 830 2023 per
869 1969 1121 2010 industriam
1162 1970 1378 2023 quaesitis3
1422 1971 1592 2012 directis

190 2036 242 2076 ad
293 2035 452 2076 curiam
514 2036 752 2077 Romanam
802 2036 978 2085 nuntiis,
1031 2037 1083 2077 ab
1129 2036 1321 2077 Adriano
1377 2037 1493 2093 Papa
1542 2039 1592 2078 de

190 2102 349 2157 Anglia
402 2102 596 2153 oriundo,
644 2110 746 2144 tunc
801 2103 1074 2158 praesidente,
1123 2104 1395 2159 privilegium
1458 2105 1592 2159 impe-

190 2171 329 2219 travit,
350 2171 543 2225 ejusdem
582 2171 835 2212 auctoritate
875 2178 919 2211 et
957 2186 1143 2221 assensu,
1169 2172 1406 2213 Hibernico
1429 2173 1591 2227 populo

190 2245 276 2278 tam
316 2238 573 2287 dominandi,
633 2254 759 2292 quam
811 2238 951 2292 ipsum
989 2239 1033 2279 in
1073 2239 1173 2280 fidei
1225 2240 1478 2280 rudimentis
1528 2241 1592 2280 in-

190 2306 486 2354 cultissimum,
542 2305 834 2346 ecclesiasticis
884 2306 1040 2346 normis
1088 2313 1132 2346 et
1183 2306 1414 2360 disciplinis
1462 2309 1593 2362 juxta

192 2372 441 2426 Anglicanae
482 2371 686 2412 Ecclesiae
727 2386 863 2412 mores
903 2372 1172 2413 informandi.
1246 2373 1297 2413 In
1338 2373 1591 2415 Hiberniam

189 2440 335 2493 itaque
370 2438 592 2493 privilegio
623 2439 864 2479 transmisso
894 2454 970 2493 per
992 2439 1248 2481 Nicholaum
1269 2440 1590 2496 Guallingford-

189 2521 331 2547 ensem
380 2513 482 2546 tunc
533 2505 737 2555 Priorem,
778 2506 1202 2548 Mahnesburiensem
1253 2523 1424 2562 quoque
1474 2517 1591 2564 post-

190 2573 363 2614 modum
384 2573 615 2622 Abbatem,
638 2580 724 2613 tam
756 2573 945 2627 positum
978 2589 1104 2628 quam
1138 2575 1391 2630 depositum,
1424 2592 1587 2617 necnon

191 2648 235 2681 et
282 2639 550 2680 Gulielmum
591 2638 780 2680 Aldelmi
816 2640 967 2691 filium,
1018 2648 1244 2683 convocata
1294 2643 1436 2684 statim
1475 2645 1588 2699 apud

192 2707 538 2749 Guaterfordiam
561 2705 873 2762 Episcoporum
909 2709 1082 2762 synodo,
1106 2709 1150 2749 in
1170 2710 1341 2764 publica
1371 2711 1588 2751 audientia

473 2803 482 2822 ¹
510 2800 564 2834 Ex
594 2801 736 2835 Hibern.
757 2801 846 2846 Exp.
877 2814 910 2847 p.
941 2803 1008 2837 787
1041 2808 1150 2835 totum
1170 2814 1243 2847 cap.
1263 2803 1305 2838 vi.

1344 2877 1361 2897 E
1387 2868 1408 2898 2
