1908 3135
377 253 456 293 116
781 264 1021 296 GIRALDUS
1056 261 1354 295 CAMBRENSIS

367 362 524 402 winum
555 362 752 403 videlicet
788 363 1045 412 Cantuariae,
1082 362 1303 403 Galterum
1342 362 1757 415 Rothomagensem,¹

368 429 676 470 Guillehnum2
699 430 1000 470 Turonensem.
1060 430 1167 470 Erat
1188 430 1299 469 enim
1323 429 1505 469 hominis
1530 428 1643 468 illius
1663 442 1761 467 con-

368 497 548 537 suetudo
569 497 747 551 majores
766 504 969 537 terrarum
991 511 1161 537 suarum
1182 496 1306 545 viros,
1326 503 1411 536 tam
1435 496 1485 536 de
1508 496 1617 535 clero
1635 509 1760 548 quam

368 564 495 604 etiam
514 563 688 617 populo,
710 571 760 604 ut
780 564 894 604 curia
913 579 989 604 sua
1009 579 1172 618 semper
1191 563 1341 616 legatis
1362 562 1574 603 extraneis
1595 560 1763 616 grandis

368 638 603 684 appareret,
625 646 681 671 ex
712 631 920 671 industria
950 631 1276 671 circumducere.
1339 630 1442 670 Tres
1476 630 1621 682 itaque
1653 643 1763 682 prae-

368 698 512 751 scripti
534 712 629 737 cum
654 698 743 738 aliis
772 698 999 747 nonnullis,
1021 698 1300 738 invalescente
1327 698 1414 752 jam
1435 697 1523 736 fere
1545 696 1596 736 ad
1618 695 1764 748 despe-

367 765 572 804 rationem
593 765 861 819 aegritudine,
891 765 942 804 ad
969 764 1109 818 ipsum
1137 772 1338 818 tanquam
1369 778 1424 803 ex
1449 763 1642 803 condicto
1668 776 1765 801 con-

368 831 602 879 fluxerunt,
631 838 826 885 rogantes
857 838 900 871 et
930 831 972 871 in
1003 832 1086 871 fide
1118 831 1397 879 consulentes,
1428 837 1636 884 quatenus
1667 843 1765 868 con—

368 897 528 937 fitendo
549 899 706 951 pariter
726 905 769 938 et
788 897 1067 952 penitentiam
1094 897 1255 950 agendo
1276 897 1329 937 ad
1350 896 1599 936 delictorum
1619 895 1764 935 remis-

369 963 527 1004 sionem
549 964 797 1012 elaboraret,
818 964 1034 1017 vitamque
1058 978 1175 1003 suam
1196 963 1260 1003 vel
1289 962 1331 1002 in
1354 970 1544 1002 extremo
1568 962 1641 1015 qui
1663 969 1763 1002 tunc

368 1030 586 1070 imminere
605 1031 855 1070 credebatur
876 1030 1068 1078 articulo,
1088 1029 1298 1083 sacrisque
1316 1030 1464 1069 diebus
1483 1028 1765 1082 Quadragesi-

368 1097 563 1146 malibus,
597 1097 855 1137 emundaret.
919 1096 1001 1137 His
1026 1096 1156 1150 igitur
1187 1096 1238 1145 ei,
1269 1096 1382 1150 quod
1406 1095 1579 1149 pluries,
1610 1095 1766 1135 frustra

370 1171 510 1204 tamen
545 1172 588 1205 et
619 1165 735 1204 inani
766 1164 908 1204 labore
945 1163 1224 1212 commonitis,
1258 1178 1353 1203 cum
1388 1163 1559 1203 licentia
1598 1169 1766 1216 sumpta

370 1232 649 1272 communiter
680 1247 703 1272 a
733 1231 848 1271 curia
883 1230 1077 1270 recedere
1112 1231 1201 1285 jam
1236 1237 1465 1284 parassent,
1494 1229 1679 1270 dicentes
1714 1229 1765 1269 ad

370 1299 562 1348 invicem,
585 1314 627 1339 se
659 1299 782 1338 malle
803 1298 927 1351 longe
950 1297 1115 1337 deviare
1138 1297 1302 1351 Regem
1322 1297 1366 1336 in
1387 1311 1532 1337 eorum
1561 1296 1763 1344 absentia,

372 1381 498 1419 quam
528 1366 629 1420 ipsis
660 1365 942 1419 praesentibus
968 1371 1010 1404 et
1040 1364 1191 1404 animae
1223 1379 1312 1404 suae
1343 1363 1535 1417 languori
1565 1378 1650 1403 non
1679 1378 1766 1403 me-

371 1433 570 1473 dentibus
601 1431 856 1472 exorbitare.
918 1431 1105 1471 Demum
1130 1431 1287 1471 invitus
1315 1438 1358 1471 et
1383 1430 1623 1484 compulsus
1647 1431 1698 1470 ad
1721 1430 1764 1470 id

370 1500 625 1548 faciendum,
649 1513 880 1552 eorumque
902 1498 1086 1539 consiliis
1107 1498 1478 1552 adquiescendum,
1499 1497 1607 1538 diem
1630 1498 1702 1537 sed
1723 1505 1766 1537 et

370 1567 498 1608 tertio
518 1567 643 1615 diem,
667 1581 752 1619 quo
774 1566 969 1618 denique,
993 1565 1191 1618 quoniam
1212 1565 1391 1605 ulterius
1413 1564 1579 1604 differre
1601 1572 1643 1605 et
1670 1579 1765 1618 pro-

371 1635 595 1674 crastinare
617 1649 701 1673 non
722 1631 876 1687 potuit,
899 1632 1113 1672 confessus
1135 1632 1306 1685 quidem
1328 1638 1404 1681 est,
1427 1632 1499 1671 sed
1529 1646 1606 1671 nec
1627 1631 1767 1671 onmia

372 1717 553 1755 quorum
582 1701 772 1741 conscius
807 1700 1022 1749 extiterat,
1050 1714 1126 1739 nec
1160 1700 1332 1753 majora.
1395 1698 1605 1740 Quaedam
1638 1698 1765 1738 etiam

371 1768 603 1822 suppressit
620 1774 662 1808 et
679 1767 897 1807 subticuit.
942 1766 1149 1808 Quinimo
1167 1766 1361 1820 quaedam
1380 1765 1670 1819 quaerentibus
1684 1765 1766 1805 illis

371 1835 608 1889 abnegavit,
633 1849 730 1888 quae
752 1841 892 1874 tamen
924 1833 1177 1887 quibusdam
1207 1833 1436 1873 eorundem
1467 1840 1564 1873 ante
1595 1833 1767 1886 quidem

372 1903 586 1942 confessus
616 1901 768 1941 fuerat.
830 1901 889 1941 Et
911 1915 959 1941 ea
979 1915 1076 1954 quae
1108 1900 1380 1940 audientibus
1411 1899 1493 1939 illis
1516 1907 1616 1939 tunc
1638 1900 1766 1939 confi-

373 1970 555 2017 tebatur,
578 1983 663 2008 non
683 1968 916 2008 accusando
939 1981 1191 2007 excessuum
1209 1966 1493 2015 enormitates,
1512 1981 1595 2006 non
1614 1966 1766 2006 delicta

372 2036 570 2089 lugendo,
585 2035 654 2074 sed
674 2035 915 2074 excusando
936 2034 1079 2088 potius
1096 2040 1139 2073 et
1152 2033 1357 2073 rationem
1378 2033 1479 2073 facti
1501 2033 1763 2086 assignando,

372 2103 425 2142 ad
453 2102 725 2149 excusandas,
761 2101 1055 2141 excusationes
1091 2101 1369 2154 proponebat.
1439 2100 1561 2140 Adeo
1594 2101 1765 2153 quidem

373 2176 422 2210 ut
442 2169 679 2208 altercando
700 2168 743 2208 in
765 2168 941 2221 singulis
963 2174 1006 2207 et
1022 2167 1291 2221 disputandO,
1309 2167 1612 2207 simulatoriam
1633 2167 1765 2220 magis

374 2251 501 2290 quam
540 2251 692 2284 veram,
735 2242 778 2275 et
818 2234 1085 2288 sophisticam
1122 2234 1253 2287 magis
1294 2249 1420 2287 quam
1458 2234 1664 2282 devotam,
1706 2234 1764 2274 sic

372 2303 566 2356 expleret
605 2302 921 2342 confessionem.
1004 2301 1111 2341 Cum
1164 2308 1307 2341 autem
1348 2301 1539 2341 voluntas
1589 2301 1764 2341 Domini

372 2370 503 2410 fuerit
535 2377 584 2410 ut
614 2370 665 2410 ab
702 2370 776 2409 illo
810 2369 1097 2409 convalescens
1127 2368 1371 2408 valitudinis
1402 2368 1680 2417 incommodo,
1713 2369 1765 2409 ad

372 2439 548 2491 majores
588 2437 716 2491 paulo
754 2444 851 2490 post
891 2451 1099 2476 aerumnas
1139 2435 1318 2476 terribili
1358 2435 1519 2475 cunctis
1561 2443 1764 2476 terrarum

372 2505 541 2557 regibus
562 2504 759 2557 exemplo
776 2510 1070 2552 reservaretur,
1085 2503 1196 2542 inter
1214 2502 1374 2543 Pascha
1390 2510 1432 2542 et
1452 2502 1766 2551 Pentecosten‚3

370 2571 586 2610 mensibus
606 2570 802 2610 videlicet
823 2569 963 2623 Aprili
985 2577 1027 2610 et
1048 2570 1179 2619 Maio,
1201 2570 1251 2610 ad
1274 2569 1483 2623 colloquia
1503 2569 1546 2609 in
1567 2569 1764 2610 marchiae

420 2657 428 2675 ¹
458 2656 590 2689 Walter
632 2657 833 2698 Cmstance,
874 2657 1033 2701 formerly
1104 2657 1158 2689 He
1184 2657 1371 2690 suceeeded
1394 2663 1428 2690 to
1452 2657 1508 2690 the
1535 2656 1765 2701 Archbishop-

373 2702 501 2747 Bishop
527 2703 565 2734 of
588 2702 741 2744 Lincoln,
769 2702 834 2735 and
863 2702 1032 2735 Archdea-
1103 2703 1150 2736 ric
1168 2704 1201 2736 in
1222 2704 1320 2746 1172,
1342 2703 1407 2736 and
1425 2703 1503 2736 died
1520 2703 1553 2735 in
1574 2705 1677 2736 1206.
1703 2703 1765 2735 See

371 2761 433 2781 con
453 2749 490 2781 of
505 2748 646 2781 Oxsord.
1103 2748 1159 2781 the
1190 2749 1313 2783 Chron.
1346 2749 1471 2782 Turon.
1508 2749 1541 2781 in
1579 2748 1764 2781 Martene's

416 2795 428 2813 ²
460 2793 735 2836 Bm‘tholomaemn,
755 2805 838 2827 corr.
864 2794 1031 2838 Bouquet.
1104 2795 1250 2839 Amplis.
1267 2795 1355 2829 Coll.
1368 2797 1511 2828 v.1020.
1552 2795 1564 2813 ³
1581 2806 1649 2828 A.D.
1665 2796 1764 2827 1189.
