1908 3135
344 279 398 318 20
755 289 994 321 GIRALDUS
1030 290 1328 323 CAMBRENsrs

344 394 388 427 et
407 386 535 427 vitam
566 387 844 437 commiserat,
876 388 1070 443 qualibet
1098 389 1187 429 fere
1217 396 1354 440 nocte,
1376 390 1428 430 ad
1458 389 1567 430 filios
1596 391 1739 432 hostili

343 453 484 493 animo
519 469 562 494 se
594 454 907 505 transferentes,
944 470 1065 496 mane
1086 456 1280 510 requisiti
1300 472 1385 497 non
1407 458 1735 511 comparebant.¹

341 520 637 561 Veruntamen
667 521 933 562 intellectum
960 523 1085 563 dante
1105 525 1345 574 vexatione,
1368 531 1410 564 et
1440 525 1737 566 contritionem

342 588 585 629 conferente
605 588 671 629 vel
691 589 743 628 ad
758 596 925 643 tempus
947 589 1234 640 tribulatione,
1257 591 1310 630 ad
1330 592 1519 631 tumbam
1539 593 1736 646 martyris

340 655 498 708 egregii
526 655 651 695 nudis
680 656 873 710 pedibus,
896 671 919 696 a
954 656 1047 697 loco
1079 657 1190 698 unde
1223 658 1268 697 in
1298 658 1512 699 ecclesiam
1533 659 1576 700 S.
1601 659 1739 699 Trini-

340 721 438 761 tatis
472 721 656 775 primum
686 722 829 762 oculos
861 723 1054 778 conjecit,
1092 724 1212 777 quasi
1241 740 1317 779 per
1349 726 1483 766 stadia
1513 727 1597 766 duo
1630 726 1737 766 Can-

338 788 518 828 tuariam
549 788 650 828 Rex
671 789 848 830 devotus
869 790 1055 840 accessit,
1074 790 1223 844 ibique
1255 791 1299 831 in
1328 792 1588 833 orationibus
1621 793 1736 833 felici

336 854 480 908 vigilia
499 856 796 908 pernoctavit.2
855 856 1067 897 Dominus
1087 858 1245 898 etenim
1277 859 1351 913 qui
1371 859 1579 900 bonorum
1598 860 1735 900 fidelis

335 935 383 961 ac
419 921 600 961 festinus
637 928 701 962 est
734 923 980 973 retributor,
1018 924 1269 966 delictorum
1308 933 1450 966 autem
1484 926 1734 980 longanimis

335 994 596 1041 expectator,
619 989 673 1028 ob
700 989 896 1044 martyris
917 990 983 1030 sui
1008 991 1226 1042 honorem,
1253 993 1410 1046 regiam
1437 993 1732 1044 incontinenti,

334 1054 624 1108 temporaliter
654 1055 817 1107 saltem,
854 1072 1126 1099 remunerans
1164 1059 1442 1109 devotionem,
1478 1060 1523 1100 in
1553 1061 1733 1102 crastino

333 1120 442 1160 circa
476 1121 621 1162 horam
662 1123 830 1163 tertiam
872 1124 1070 1165 Albaniae
1111 1125 1276 1179 Regem
1317 1126 1615 1177 Willielmum,
1658 1128 1731 1182 qui

332 1187 522 1228 boreales
558 1189 679 1242 regni
712 1198 854 1244 partes
891 1206 986 1231 cum
1027 1192 1302 1233 barbarorum
1332 1193 1607 1234 multitudine
1640 1210 1733 1235 cru-

333 1253 484 1294 deliter
532 1255 752 1306 invaserat,
793 1257 831 1296 ei
882 1264 1052 1312 captum
1102 1259 1216 1313 apud
1256 1259 1508 1300 Anwicense
1548 1269 1730 1302 castrum

332 1321 508 1362 tradidit
529 1329 571 1361 et
592 1323 839 1377 captivum.³
900 1324 953 1365 In
976 1340 1060 1379 quo
1083 1341 1277 1367 successu
1296 1334 1385 1367 tota
1416 1328 1557 1369 statim
1586 1330 1731 1370 turba-

332 1388 417 1427 tio4
442 1388 606 1442 quievit
623 1390 872 1443 Anglicana,
897 1399 940 1432 et
959 1392 1003 1431 in
1017 1392 1132 1433 brevi
1146 1394 1416 1447 postmodum
1438 1396 1726 1437 transmarina.

333 1454 447 1497 Quia
468 1456 577 1496 sicut
606 1456 773 1497 nullum
793 1458 967 1508 bonum,
991 1459 1047 1499 sic
1078 1474 1154 1500 nec
1178 1467 1307 1500 tantae
1329 1461 1563 1503 devotionis
1584 1479 1728 1504 exem-

330 1521 449 1576 plum
471 1522 647 1563 transire
665 1524 808 1577 potuit
829 1525 1195 1568 irremuneratum.
1255 1528 1448 1570 5Bellum
1469 1531 1625 1571 etenim
1641 1538 1727 1571 tam

330 1588 604 1642 desperabilis
634 1591 746 1631 initii
778 1598 862 1632 tam
896 1593 1143 1648 triumphali
1164 1595 1248 1635 fine
1270 1596 1419 1637 melior
1438 1597 1609 1638 fortuna
1628 1613 1727 1639 con-

328 1654 465 1705 clusit,
490 1663 694 1711 tantoque
715 1658 856 1699 favore
875 1660 1008 1714 Regis
1037 1662 1212 1715 gloriam
1242 1670 1285 1703 et
1309 1670 1394 1704 tam
1424 1664 1606 1705 feliciter
1622 1681 1724 1719 aug-

327 1723 545 1773 mentavit,
563 1731 613 1764 ut
633 1725 742 1766 sicut
761 1726 803 1765 in
820 1727 969 1780 primis
990 1728 1227 1782 indignatio
1250 1731 1391 1772 divina
1405 1732 1632 1772 vindictam
1657 1748 1724 1772 ac-

326 1789 526 1830 celerasse
541 1792 730 1832 omnium
747 1794 1028 1835 aestimatione
1045 1797 1290 1850 putabatur,
1305 1798 1363 1838 sic
1379 1799 1538 1847 eadem,
1553 1814 1723 1839 convcr-

325 1856 440 1897 sione
454 1858 586 1912 magis
606 1860 793 1912 gaudens
816 1876 942 1914 quam
959 1863 1187 1913 eversione,
1204 1880 1403 1919 processu
1417 1866 1579 1905 dierum
1597 1866 1723 1921 digna

325 1923 495 1963 demum
516 1925 847 1979 complacatione
868 1928 1194 1970 misericorditer
1215 1932 1416 1972 resedisse
1436 1932 1636 1974 videtur.6

382 1989 486 2029 Post
523 2005 691 2043 gravem
730 1992 877 2046 itaque
918 1995 1117 2035 Dolensis
1149 2004 1337 2051 capturae
1371 1999 1589 2049 dolorem]
1628 2008 1723 2054 post

325 2054 470 2096 Sancti
502 2057 745 2098 Edmundiss
765 2060 1070 2102 inundantem9
1096 2078 1226 2117 regna
1256 2064 1454 2114 favorem,
1479 2074 1575 2120 post
1616 2068 1723 2107 Can—

322 2121 472 2162 tuariae
490 2130 739 2166 nocturnam
755 2126 958 2182 principis
975 2130 1282 2183 peregrinantis
1295 2132 1605 2183 poenitentiam,
1624 2150 1721 2188 pro-

320 2188 500 2241 pitiante
521 2191 655 2231 nobili
669 2199 853 2247 martyre
875 2194 1053 2246 Thoma,
1085 2196 1307 2251 lachrymis
1331 2206 1374 2239 et
1395 2200 1614 2241 devotione
1630 2203 1719 2256 jam

366 2317 376 2338 ¹
403 2317 528 2352 Chron.
546 2321 766 2365 Andegaven.
784 2324 836 2358 ed.
857 2324 983 2369 Labbe,
1102 2328 1114 2346 ⁴²
1139 2328 1200 2362 Bis
1217 2329 1251 2362 in
1270 2329 1344 2365 Ms.

321 2362 355 2395 in
376 2363 462 2399 Coll.
481 2365 582 2399 MSS.
601 2367 666 2401 vol.
685 2369 707 2402 i.
726 2380 758 2413 p.
777 2370 856 2404 276.
1100 2374 1112 2392 ⁵
1140 2375 1363 2409 Transcribed
1381 2377 1467 2410 from
1490 2377 1548 2410 the
1565 2377 1717 2411 author's

364 2409 376 2426 ²
401 2410 455 2443 He
480 2412 600 2455 passed
618 2425 638 2446 a
662 2414 759 2459 night
784 2416 849 2449 and
875 2429 895 2450 a
917 2417 983 2462 day
1056 2419 1292 2466 Topographia
1311 2422 1428 2457 Hiber.
1446 2435 1478 2469 p.
1499 2424 1576 2458 782.

316 2453 421 2498 there,
447 2458 626 2503 according
652 2466 685 2493 to
715 2460 773 2494 the
799 2463 983 2509 testimony
1100 2467 1113 2486 ὃ
1141 2467 1331 2511 Viderctur,
1351 2469 1397 2502 H.

316 2500 354 2533 of
367 2500 424 2533 the
441 2502 724 2539 fore-mentioned
743 2507 939 2542 chronicler.
1099 2512 1111 2532 7
1138 2512 1192 2546 He
1210 2514 1312 2547 refers
1329 2521 1364 2547 to
1382 2515 1439 2548 the
1454 2516 1581 2560 victory
1594 2516 1715 2559 gained

357 2547 376 2597 *³
400 2558 469 2581 A.D.
523 2551 622 2583 1174.
698 2553 717 2570 ‘⁴'
730 2552 836 2585 Facto
878 2565 977 2588 mane
1053 2556 1097 2601 by
1116 2558 1235 2603 Henry
1255 2560 1302 2594 ΙΙ.
1322 2566 1355 2593 at
1373 2560 1459 2594 Dolo
1482 2562 1516 2594 in
1535 2562 1713 2607 Brstanny,

314 2603 511 2636 priusquam
537 2594 579 2627 ab
610 2597 754 2630 ecclesia
780 2598 979 2644 diseederet,
1052 2603 1085 2635 in
1104 2604 1239 2648 August
1260 2606 1360 2640 1173.
1401 2607 1515 2641 Neub.
1534 2607 1569 2640 ii.
1590 2610 1644 2641 29.

313 2644 535 2689 monstratum
561 2647 611 2673 est
635 2642 665 2674 ei
691 2642 819 2686 Regem
845 2645 978 2689 Scotiae,
1098 2649 1110 2667 ⁸
1134 2650 1197 2683 See
1225 2651 1340 2686 Neub.
1369 2653 1404 2686 ii.
1435 2655 1490 2696 30,
1518 2653 1649 2696 DicetO,
1680 2666 1711 2699 p.

313 2694 370 2727 qm
389 2695 432 2716 ex
457 2691 551 2729 parte
576 2698 637 2719 sua
662 2688 821 2732 Angliam
848 2690 978 2724 invase—
1050 2696 1128 2738 578,
1147 2696 1181 2728 in
1201 2696 1338 2742 Twysd.

312 2734 375 2769 rat,
394 2731 584 2764 confectum
611 2744 684 2766 esse
710 2740 742 2767 et
770 2738 976 2772 retenturn.”
1012 2778 1013 2785 ἵ
1095 2740 1108 2759 ⁹
1134 2741 1346 2777 Inundantis.
1389 2744 1432 2777 H.

313 2773 437 2809 Chron.
458 2776 590 2821 Andeg.
607 2778 653 2812 ib.
