1908 3135
318 275 402 314 202
428 321 431 324 ,
699 283 940 315 GIRALDUS
970 282 1268 315 CAMBRENSIS
1568 269 1711 328 [ΑΡΡΧ.

318 389 492 432 servata,
535 381 759 423 Scotorum
796 382 944 423 extitit
982 381 1134 422 nostris
1175 380 1325 421 diebus
1363 387 1499 421 rector
1529 380 1637 420 felix
1669 387 1712 420 et

318 450 569 490 moderator.

376 515 562 557 Proinde
583 524 721 557 totum
743 516 862 571 regni
886 517 952 557 sui
974 517 1114 566 decus,
1134 516 1250 570 quod
1269 515 1383 570 apud
1404 514 1711 556 Aunewicense

317 590 513 632 castrum,
537 583 660 624 simu]
690 599 785 624 cum
807 584 973 638 oppidis
1004 583 1169 633 electis,
1183 583 1326 623 hostili
1347 582 1544 622 conflictu
1563 590 1711 637 captus

317 650 418 690 olim
445 651 652 700 amiserat,
689 651 831 691 Scotia
860 651 1033 704 quidem
1061 666 1085 690 a
1111 658 1302 704 tempore
1341 650 1507 690 Claudii
1533 650 1711 690 Caesaris

317 733 453 772 usque
484 725 585 758 tunc
615 733 746 771 regno
779 718 1026 758 Britannico
1058 733 1143 758 non
1174 718 1385 758 existente
1420 718 1623 772 subjecta,
1657 718 1709 757 ab

318 784 558 838 Anglorum
580 784 700 838 Rege
723 792 823 825 tunc
847 791 1050 838 regnante
1082 784 1280 834 Ricardo,
1305 785 1446 824 divina
1467 785 1595 825 etiam
1620 786 1712 839 jus-

319 852 413 892 titia
452 852 676 905 utriusque
706 852 908 906 principis
952 867 1038 891 uno
1071 852 1115 891 in
1146 852 1258 892 facto
1298 851 1449 891 merita
1490 859 1710 905 pensante,

317 919 454 972 pretio
480 918 674 973 pecuniae
696 919 793 959 dato
814 926 1117 972 praetereunte,
1150 919 1262 959 felici
1294 919 1375 959 51101
1406 918 1577 972 suisque
1599 934 1711 959 com-

317 986 471 1026 mercio
494 985 710 1040 (quoniam
731 986 776 1025 in
799 986 1038 1026 Christiano
1060 1001 1146 1026 11011
1167 993 1253 1026 tam
1274 986 1447 1026 initium
1468 1001 1596 1040 quam
1615 986 1713 1026 finis

317 1053 495 1107 spectari
527 1053 665 1106 solet,)
701 1068 790 1092 rem
830 1053 1186 1107 impretiabileml
1226 1054 1289 1093 vir
1320 1053 1613 1107 magnanimus
1646 1067 1713 1092 re-

317 1120 566 1175 cuperavit.2
627 1120 760 1160 Porro
783 1120 983 1174 quoniam
1013 1120 1122 1160 nihil
1148 1121 1342 1160 humanis
1372 1121 1416 1160 in
1446 1121 1572 1160 rebus
1594 1120 1709 1160 omni

319 1203 375 1227 ex
405 1194 524 1241 parte
545 1187 783 1241 perfectum
805 1194 956 1227 natura
978 1187 1198 1241 expolivit,
1216 1188 1409 1242 nihilque
1437 1194 1523 1227 tani
1552 1187 1710 1227 clarum

320 1255 362 1294 in
397 1255 518 1295 terris
557 1255 672 1308 quod
704 1255 846 1308 aliqua
880 1255 1032 1295 menda
1066 1255 1133 1295 vel
1172 1270 1294 1295 naevo
1328 1270 1414 1296 11011
1450 1254 1710 1308 denigretur,

316 1322 378 1361 vir
400 1328 543 1362 tantus
565 1328 607 1361 et
625 1328 711 1362 tam
729 1322 953 1362 laudabilis
982 1322 1026 1362 111
1056 1322 1202 1363 multis
1232 1329 1364 1362 totam
1384 1322 1561 1375 gloriam
1592 1337 1710 1362 suam

318 1389 368 1429 ab
406 1389 580 1429 ineunte
618 1397 745 1429 aetate
781 1404 916 1443 usque
948 1389 993 1429 111
1030 1390 1195 1430 senium
1229 1390 1350 1443 (proh
1385 1389 1503 1429 dolor
1522 1388 1549 1441 !)
1586 1388 1712 1429 unica

316 1455 480 1495 macula
511 1456 778 1496 decoloravit.
841 1456 923 1495 Per
960 1463 1093 1496 totam
1134 1457 1246 1496 enim
1286 1463 1409 1496 terrae
1451 1471 1538 1496 suae
1578 1456 1711 1496 totius

317 1523 653 1576 amplitudinem,
696 1521 740 1562 in
781 1523 1092 1563 cathedralibus
1133 1523 1315 1564 ecclesiis
1355 1524 1532 1573 cunctis,
1574 1523 1711 1563 nullas

317 1590 489 1630 omnino
551 1590 632 1629 nisi
679 1591 732 1631 ad
780 1597 935 1630 nutum
981 1590 1128 1644 ipsius,
1175 1605 1290 1630 more
1337 1590 1571 1644 tyrannico,
1619 1589 1712 1631 fieri

316 1657 507 1711 permisit
535 1657 784 1708 electiones3
819 1672 1009 1698 enormes
1037 1658 1209 1711 quidem
1246 1657 1545 1697 Normannicae
1568 1664 1712 1712 tyran-

316 1724 425 1764 nidis
468 1739 544 1778 per
588 1724 790 1779 Angliam
839 1724 1075 1773 abusiones,
1124 1724 1250 1764 nimis
1299 1724 1343 1764 in
1386 1724 1466 1764 1100
1514 1739 1711 1778 expresse

316 1806 509 1845 sequens.

374 1858 558 1898 Proinde
600 1858 740 1898 divina
778 1866 827 1899 ut
867 1858 1053 1898 creditur
1093 1858 1255 1899 ultione
1296 1865 1453 1908 secuta,
1495 1873 1592 1912 quae
1631 1873 1712 1912 pu-

316 1926 405 1965 nire
427 1940 599 1979 quoque
631 1925 919 1980 temporaliter
948 1925 1200 1979 plerumque
1222 1924 1341 1973 solet,
1363 1925 1565 1965 honorem
1587 1940 1709 1965 suum

316 2000 359 2033 et
398 1993 517 2047 regni
549 1993 629 2041 sui,
671 2008 798 2047 quem
829 1993 1044 2047 perditum
1075 2000 1172 2033 ante
1203 2007 1227 2032 a
1259 1992 1381 2046 Rege
1423 1992 1606 2033 Ricardo
1646 2007 1710 2032 re-

315 2067 599 2114 cuperaverat,
633 2076 707 2114 per
746 2061 886 2100 fratris
927 2060 1117 2115 ejusdem
1158 2067 1201 2100 et
1239 2059 1426 2114 proximi
1462 2059 1709 2099 successoris

316 2127 536 2180 impetum,
561 2127 703 2166 Scotia
723 2127 862 2166 denuo
883 2127 1070 2176 subacta,
1094 2134 1137 2167 et
1163 2126 1317 2179 Anglis
1338 2126 1382 2165 in
1403 2126 1709 2179 subjectionem

317 2195 426 2242 data,
468 2193 512 2232 in
551 2193 668 2232 senio
701 2193 789 2247 jam
829 2194 1086 2233 constitutus
1126 2193 1288 2241 amisit3
1322 2199 1366 2233 et
1398 2194 1554 2246 jugum
1595 2193 1709 2246 quod

321 2266 578 2309 excusserat,
601 2260 756 2299 iterum
778 2274 873 2299 cum
892 2259 1070 2313 pudore,
1091 2259 1293 2300 dedecore
1324 2259 1482 2313 pariter
1503 2265 1546 2299 et
1567 2259 1709 2300 dolore

316 2327 577 2382 1·esumpsit.³

375 2427 498 2437 .....
522 2395 652 2436 Absit
684 2395 817 2449 igitur
836 2411 889 2436 ne
920 2402 1122 2445 vertatur,
1146 2402 1188 2436 et
1214 2395 1326 2436 inter
1352 2395 1564 2449 principes
1592 2410 1708 2449 egre-

315 2463 406 2516 gios
440 2463 599 2503 meritis
634 2463 841 2503 virtutum
876 2463 1107 2517 plurimum
1135 2462 1503 2512 commendandus,
1534 2470 1709 2516 propter

315 2531 522 2571 maculam
543 2545 684 2579 unam,
705 2530 771 2570 vel
791 2545 903 2571 nunc
926 2546 1016 2571 sero
1039 2530 1279 2571 diluendam
1305 2536 1348 2570 et
1377 2529 1611 2578 delendam,
1634 2536 1708 2569 aut

365 2660 374 2679 ¹
401 2662 422 2679 “
437 2660 503 2692 Hic
530 2660 709 2693 asteriscus
736 2672 755 2693 a
779 2671 881 2693 manu
912 2661 975 2694 Le·
1091 2661 1105 2682 ³
1131 2661 1185 2694 He
1204 2660 1260 2693 did
1278 2660 1421 2704 homage
1442 2666 1476 2692 to
1503 2659 1596 2703 King
1616 2659 1707 2692 John

316 2706 406 2739 landi
424 2706 445 2721 ”
495 2706 639 2747 Hoarne,
658 2706 703 2738 ib.
1044 2707 1077 2739 in
1100 2709 1198 2748 1199,
1217 2706 1282 2739 and
1300 2718 1383 2751 gave
1408 2706 1461 2738 his
1487 2711 1553 2738 two
1580 2705 1706 2749 ‹laugh-

362 2753 375 2771 ²
400 2752 451 2785 Cf.
470 2764 502 2796 p.
524 2754 576 2786 13.
626 2752 688 2785 Sec
706 2752 776 2785 also
796 2753 921 2786 Trivot.
941 2753 974 2786 in
1044 2758 1110 2785 ters
1128 2765 1164 2785 as
1182 2752 1337 2796 hostages
1363 2752 1396 2784 in
1426 2754 1526 2784 1209.
1578 2751 1705 2784 Trivet.

316 2809 369 2830 an.
389 2800 489 2832 1189,
1044 2798 1075 2830 in
1095 2810 1172 2832 ami.
