1908 3135
346 277 401 315 58
757 285 998 318 GIRALDUS
1034 287 1333 319 CAMBRENSIS

344 384 601 438 quibusdam
625 384 813 439 personis
834 384 927 425 aliis
957 384 1203 425 habuissent
1224 385 1275 425 de
1297 400 1397 439 pace
1428 385 1539 426 inter
1568 387 1746 440 praedic-

344 458 437 491 tum
482 451 645 505 Regem
693 458 736 491 et
781 450 991 491 Comitem
1043 451 1309 492 reformanda
1358 458 1599 503 tractatum,
1646 468 1744 494 con-

343 517 442 571 tigit
473 518 587 572 ipsos
623 518 770 559 audire
808 517 969 558 Turcos
1002 518 1046 558 in
1081 533 1208 558 manu
1238 518 1375 559 valida
1407 518 1742 560 Christianorum

340 583 445 624 fines
479 584 683 635 intrasse;
730 591 773 625 et
807 584 908 625 licet
941 584 1110 625 nonnisi
1141 591 1310 626 centum
1339 592 1383 625 et
1409 585 1554 626 decem
1585 586 1742 626 milites

342 665 485 691 secum
519 651 738 701 haberent,
775 651 867 692 zelo
899 658 1039 692 tamen
1078 651 1409 692 Christianitatis
1444 653 1605 693 accensi
1645 667 1742 693 cum

342 732 419 758 sex
448 718 640 759 millibus
663 719 925 759 Turcorum1
947 725 1258 772 pugnaverunt.
1319 719 1379 760 Et
1407 719 1591 768 tandem,
1613 725 1743 774 prout

341 785 530 825 Domino
586 785 761 839 placuit,
820 785 1050 839 praedjctus
1116 785 1325 840 Magister
1387 785 1640 840 Hospitalis,
1699 792 1742 826 et

340 852 472 893 frater
527 852 746 893 Robertus
807 852 1028 893 Frenellus
1089 852 1395 893 Mareschallus
1452 852 1635 906 Templi,
1698 860 1742 894 et

340 919 471 960 frater
504 919 770 973 Jaquelinus,
803 934 901 960 cum
931 919 1241 973 quinquaginta
1272 919 1494 969 militibus,
1523 926 1566 960 et
1596 920 1740 960 decem

340 985 622 1026 servientibus
655 985 837 1040 Templi,
875 992 1034 1039 praeter
1072 985 1189 1034 alios,
1226 985 1385 1026 animas
1423 1000 1519 1026 suas
1550 986 1740 1026 Domino

338 1052 639 1093 reddiderunt:
688 1059 730 1092 et
766 1052 940 1106 quidam
975 1052 1103 1092 etiam
1143 1052 1228 1093 vivi
1258 1052 1303 1092 in
1340 1052 1535 1106 captione
1578 1052 1741 1093 Turco·

337 1135 433 1161 rum
453 1126 567 1169 sunt,
592 1120 707 1174 quod
728 1134 824 1160 sane
840 1121 856 1144 2
875 1119 1010 1160 multa
1030 1119 1309 1160 amaritudine
1332 1120 1467 1160 cordis
1487 1120 1739 1165 audivimus,

337 1187 544 1228 abducti.³
618 1186 744 1227 Unde
777 1186 877 1240 quia
906 1186 1137 1241 praedictus
1175 1187 1382 1240 Magister
1414 1187 1598 1241 Templi,
1629 1202 1740 1241 prae-

339 1261 404 1295 ter
426 1269 700 1309 personarum
726 1255 949 1309 jacturam,
972 1253 1214 1308 gravissima
1234 1269 1442 1308 equorum
1464 1260 1507 1294 et
1526 1269 1739 1295 armorum

338 1322 489 1362 damna
519 1322 563 1362 in
588 1321 680 1375 ipso
702 1321 903 1361 conflictu
931 1336 973 1361 se
994 1321 1219 1375 pertulisse
1244 1321 1470 1375 proponit;
1505 1328 1548 1361 et
1566 1328 1738 1374 gentem

338 1389 541 1429 nefariam
569 1403 830 1442 paganorum
851 1388 904 1428 ad
934 1387 1299 1441 impugnationem
1329 1387 1590 1441 praescriptae
1614 1394 1738 1429 terrae

337 1455 490 1496 fortius
509 1454 648 1504 solito,
666 1456 795 1509 juxta
814 1454 1081 1509 propositum
1109 1469 1198 1495 suae
1221 1454 1473 1508 iniquitatis,
1495 1469 1708 1495 accensam
1727 1471 1736 1496 τ

337 1537 412 1562 nos
444 1522 600 1575 quibus
630 1521 824 1562 imminet
852 1522 1146 1576 principaliter
1176 1528 1220 1562 et
1249 1521 1466 1576 praecipue
1491 1522 1543 1562 de
1574 1537 1740 1563 conser-

338 1588 504 1628 vatione
538 1588 655 1629 illius
686 1595 810 1629 terrae
843 1588 1158 1630 solicitudinem
1188 1603 1348 1642 gerere,
1366 1588 1554 1629 volentes
1585 1604 1655 1629 eos
1685 1590 1739 1630 ad

338 1654 625 1695 defensionem
665 1656 756 1710 ejus
795 1656 971 1696 reddere
1009 1656 1242 1710 pronioreS,
1282 1670 1503 1696 monemus
1541 1655 1738 1696 fraterni-

336 1728 467 1762 tatem
506 1728 700 1771 vestram,
741 1723 986 1764 mandamus
1031 1730 1161 1777 atque
1207 1722 1494 1777 praecipimUS,
1527 1730 1737 1776 quatenus

335 1788 546 1843 principes
586 1795 628 1828 et
665 1789 842 1830 barones
882 1796 925 1830 et
963 1789 1109 1830 fideles
1149 1789 1251 1830 alios
1291 1789 1448 1830 crebris
1486 1790 1658 1830 monitis
1694 1797 1738 1831 et

335 1854 705 1896 exhortationibus
742 1856 966 1905 inducatis,
1017 1864 1060 1898 et
1105 1857 1339 1911 injungatis
1390 1857 1449 1897 eis
1498 1857 1543 1897 in
1591 1858 1737 1898 remis-

333 1921 495 1962 sionem
524 1928 806 1976 peccatorum,
821 1930 870 1963 ut
892 1922 1202 1964 Christianitati
1231 1924 1320 1977 jam
1349 1923 1474 1964 dictae
1502 1930 1627 1964 terrae
1658 1940 1736 1979 pro

337 1988 430 2028 Deo
461 1996 505 2029 et
535 1989 670 2029 salute
702 2004 778 2029 sua
808 1990 975 2044 potenti
1005 2005 1133 2031 manu
1166 1998 1426 2041 succurrant,
1459 1998 1501 2031 et
1532 1991 1734 2032 fratribus

286 2046 288 2048 ‚
335 2054 501 2097 militiae
539 2055 721 2109 Templi,
754 2056 800 2096 in
839 2056 961 2110 equis
992 2063 1035 2097 et
1074 2057 1214 2106 armis,
1241 2058 1397 2110 quibus
1429 2065 1583 2098 terram
1618 2058 1733 2098 illam

335 2121 486 2162 melius
507 2121 733 2162 defendere
753 2123 934 2172 valeant,
955 2138 1039 2163 non
1061 2123 1259 2164 differant
1278 2124 1604 2165 misericorditer
1634 2126 1734 2165 sub-

335 2188 500 2239 venire3
532 2195 576 2229 et
596 2203 686 2228 eam
717 2203 845 2243 super
872 2189 938 2229 his
970 2189 1282 2231 solicitudinem
1315 2190 1518 2241 habeatis,
1542 2192 1657 2245 quod
1688 2192 1730 2232 in

336 2255 475 2309 operis
495 2255 678 2296 efficacia
697 2256 997 2309 comprobetur
1019 2273 1029 2306 3
1063 2264 1105 2297 et
1140 2257 1324 2311 populus
1344 2258 1466 2298 nobis
1487 2258 1731 2298 commissus

336 2322 388 2362 de
408 2322 616 2376 suffragiis
637 2336 734 2376 quae
755 2323 1016 2378 praescriptae
1038 2329 1163 2364 terrae
1178 2331 1221 2364 et
1233 2324 1435 2365 fratribus
1454 2325 1556 2379 ipsis
1568 2325 1732 2379 impen-

334 2388 488 2438 derint,
510 2395 553 2429 et
571 2403 643 2429 vos
665 2389 715 2429 de
731 2390 859 2430 verbo
875 2390 1185 2430 exhortationis
1202 2397 1357 2431 nostrae
1371 2391 1547 2445 praemia
1563 2392 1731 2445 possitis

333 2455 535 2510 consequi
555 2456 823 2510 sempiterna.
885 2456 987 2497 Dat.
1010 2457 1211 2507 Veronae,
1233 2470 1300 2498 111.
1325 2458 1438 2499 Non.
1464 2458 1710 2513 Septemb.'’

383 2573 391 2592 ¹
423 2575 634 2619 Thurcorum,
652 2575 739 2619 MS,
769 2581 803 2609 et
825 2576 873 2609 sic
896 2577 997 2610 etiam
1065 2577 1099 2609 id
1117 2588 1193 2610 cun]
1212 2577 1381 2621 Sahzdino,
1398 2577 1502 2610 immo
1520 2577 1631 2622 potius
1650 2590 1726 2611 cun]

338 2620 435 2652 infra.
1065 2622 1212 2655 Robcrto
1242 2623 1283 2655 de
1313 2623 1599 2665 Sancto—Albam,
1627 2624 1727 2656 Tem—

383 2665 395 2683 2
421 2666 508 2708 Sine,
538 2666 613 2700 MS.
642 2672 675 2699 et
703 2668 904 2712 captivorum
938 2680 997 2712 pro
1064 2668 1169 2712 plario
1205 2675 1368 2713 apostata,
1394 2668 1559 2714 praelium,
1586 2675 1727 2703 testatur

337 2712 494 2756 capcione.
1065 2714 1271 2747 Benedictus
1314 2715 1601 2759 Petroburgensis,
1635 2721 1726 2748 tomo

383 2757 396 2778 ³
409 2758 537 2791 “Anno
553 2760 652 2802 1185,
663 2759 882 2792 commissum
893 2758 997 2792 fuisse
1065 2766 1177 2793 nostro
1196 2760 1275 2794 xvii.
1294 2772 1327 2806 p.
1345 2760 1451 2795 4653’
1502 2761 1669 2806 Bouquct.
