<?xml version="1.0" encoding="UTF-8"?>
<!DOCTYPE html PUBLIC "-//W3C//DTD XHTML 1.0 Transitional//EN"
    "http://www.w3.org/TR/xhtml1/DTD/xhtml1-transitional.dtd">
<html xmlns="http://www.w3.org/1999/xhtml" xml:lang="en" lang="en">
 <head>
  <title>
</title>
<meta http-equiv="Content-Type" content="text/html;charset=utf-8" />
  <meta name='ocr-system' content='tesseract 3.04.00' />
  <meta name='ocr-capabilities' content='ocr_page ocr_carea ocr_par ocr_line ocrx_word'/>
</head>
<body>
  <div class='ocr_page' id='page_1' title='image "./giralduscambrens03girauoft_0164.png"; bbox 0 0 1908 3135; ppageno 0'>
   <div class='ocr_carea' id='block_1_1' title="bbox 376 261 1363 304">
    <p class='ocr_par' dir='ltr' id='par_1_1' title="bbox 376 261 1363 304">
     <span class='ocr_line' id='line_1_1' title="bbox 376 261 1363 304; baseline 0.006 -6"><span class='ocrx_word' id='word_1_1' title='bbox 376 261 457 300; x_wconf 72' lang='lat'>124</span> <span class='ocrx_word' id='word_1_2' title='bbox 788 272 1030 304; x_wconf 81' lang='lat' dir='ltr'>GIRALDUS</span> <span class='ocrx_word' id='word_1_3' title='bbox 1064 272 1363 304; x_wconf 73' lang='lat' dir='ltr'>oAMBRENSIS</span> 
     </span>
    </p>
   </div>
   <div class='ocr_carea' id='block_1_2' title="bbox 373 369 1770 554">
    <p class='ocr_par' dir='ltr' id='par_1_2' title="bbox 373 369 1770 554">
     <span class='ocr_line' id='line_1_2' title="bbox 373 369 1770 424; baseline 0 -15"><span class='ocrx_word' id='word_1_4' title='bbox 373 369 545 422; x_wconf 84' lang='lat' dir='ltr'>praesidi</span> <span class='ocrx_word' id='word_1_5' title='bbox 582 370 900 419; x_wconf 85' lang='lat' dir='ltr'>Saracenorum,</span> <span class='ocrx_word' id='word_1_6' title='bbox 933 371 1146 424; x_wconf 89' lang='lat' dir='ltr'>quondam</span> <span class='ocrx_word' id='word_1_7' title='bbox 1177 371 1266 411; x_wconf 87' lang='lat' dir='ltr'>viro</span> <span class='ocrx_word' id='word_1_8' title='bbox 1307 371 1476 420; x_wconf 80' lang='lat' dir='ltr'><strong>illustri,</strong></span> <span class='ocrx_word' id='word_1_9' title='bbox 1507 369 1741 410; x_wconf 86' lang='lat' dir='ltr'>Jerusalem</span> <span class='ocrx_word' id='word_1_10' title='bbox 1758 375 1770 397; x_wconf 91' lang='lat'>¹</span> 
     </span>
     <span class='ocr_line' id='line_1_3' title="bbox 374 434 1010 488; baseline 0.003 -15"><span class='ocrx_word' id='word_1_11' title='bbox 374 434 523 487; x_wconf 81' lang='lat' dir='ltr'>fugere</span> <span class='ocrx_word' id='word_1_12' title='bbox 544 435 742 488; x_wconf 83' lang='lat' dir='ltr'>exemplo</span> <span class='ocrx_word' id='word_1_13' title='bbox 766 435 1010 476; x_wconf 82' lang='lat' dir='ltr'>Pharaonis.</span> 
     </span>
     <span class='ocr_line' id='line_1_4' title="bbox 432 497 1770 554; baseline -0.001 -17"><span class='ocrx_word' id='word_1_14' title='bbox 432 500 459 518; x_wconf 93' lang='lat'><strong>“</strong></span> <span class='ocrx_word' id='word_1_15' title='bbox 477 497 727 538; x_wconf 84' lang='lat' dir='ltr'>Devotionis</span> <span class='ocrx_word' id='word_1_16' title='bbox 748 505 835 538; x_wconf 89' lang='lat' dir='ltr'>tuae</span> <span class='ocrx_word' id='word_1_17' title='bbox 856 498 1017 539; x_wconf 83' lang='lat' dir='ltr'>litteras</span> <span class='ocrx_word' id='word_1_18' title='bbox 1038 499 1183 539; x_wconf 88' lang='lat' dir='ltr'>multis</span> <span class='ocrx_word' id='word_1_19' title='bbox 1203 506 1316 539; x_wconf 86' lang='lat' dir='ltr'>retro</span> <span class='ocrx_word' id='word_1_20' title='bbox 1337 499 1599 554; x_wconf 84' lang='lat' dir='ltr'>temporibus</span> <span class='ocrx_word' id='word_1_21' title='bbox 1621 498 1673 538; x_wconf 91' lang='lat' dir='ltr'>ad</span> <span class='ocrx_word' id='word_1_22' title='bbox 1694 512 1770 537; x_wconf 92' lang='lat' dir='ltr'>nos</span> 
     </span>
    </p>
   </div>
   <div class='ocr_carea' id='block_1_3' title="bbox 370 563 1775 2623">
    <p class='ocr_par' dir='ltr' id='par_1_3' title="bbox 372 563 1775 2488">
     <span class='ocr_line' id='line_1_5' title="bbox 375 563 1772 620; baseline 0.001 -17"><span class='ocrx_word' id='word_1_23' title='bbox 375 563 617 614; x_wconf 86' lang='lat' dir='ltr'>destinatas,</span> <span class='ocrx_word' id='word_1_24' title='bbox 638 580 763 619; x_wconf 87' lang='lat' dir='ltr'>super</span> <span class='ocrx_word' id='word_1_25' title='bbox 784 566 925 605; x_wconf 80' lang='lat' dir='ltr'>arduis</span> <span class='ocrx_word' id='word_1_26' title='bbox 939 567 1134 619; x_wconf 86' lang='lat' dir='ltr'>negotiis,</span> <span class='ocrx_word' id='word_1_27' title='bbox 1154 567 1235 607; x_wconf 92' lang='lat' dir='ltr'>tibi</span> <span class='ocrx_word' id='word_1_28' title='bbox 1257 567 1444 620; x_wconf 88' lang='lat' dir='ltr'>quidem,</span> <span class='ocrx_word' id='word_1_29' title='bbox 1468 566 1503 606; x_wconf 91' lang='lat' dir='ltr'>si</span> <span class='ocrx_word' id='word_1_30' title='bbox 1516 565 1653 606; x_wconf 83' lang='lat' dir='ltr'>verbis</span> <span class='ocrx_word' id='word_1_31' title='bbox 1669 564 1772 604; x_wconf 89' lang='lat' dir='ltr'>fides</span> 
     </span>
     <span class='ocr_line' id='line_1_6' title="bbox 374 630 1773 687; baseline 0 -17"><span class='ocrx_word' id='word_1_32' title='bbox 374 630 620 681; x_wconf 90' lang='lat' dir='ltr'>subfuisset,</span> <span class='ocrx_word' id='word_1_33' title='bbox 661 632 910 686; x_wconf 81' lang='lat' dir='ltr'>profuturiS,</span> <span class='ocrx_word' id='word_1_34' title='bbox 958 640 1086 687; x_wconf 90' lang='lat' dir='ltr'>prout</span> <span class='ocrx_word' id='word_1_35' title='bbox 1139 641 1294 674; x_wconf 89' lang='lat' dir='ltr'>nostrae</span> <span class='ocrx_word' id='word_1_36' title='bbox 1348 633 1579 687; x_wconf 88' lang='lat' dir='ltr'>majestatis</span> <span class='ocrx_word' id='word_1_37' title='bbox 1630 631 1773 671; x_wconf 85' lang='lat' dir='ltr'>decuit</span> 
     </span>
     <span class='ocr_line' id='line_1_7' title="bbox 375 697 1771 754; baseline 0.001 -18"><span class='ocrx_word' id='word_1_38' title='bbox 375 697 744 751; x_wconf 88' lang='lat' dir='ltr'>magnificentiam,</span> <span class='ocrx_word' id='word_1_39' title='bbox 794 699 1069 753; x_wconf 84' lang='lat' dir='ltr'>suscepimus,</span> <span class='ocrx_word' id='word_1_40' title='bbox 1112 710 1155 740; x_wconf 88' lang='lat' dir='ltr'>et</span> <span class='ocrx_word' id='word_1_41' title='bbox 1201 700 1475 754; x_wconf 89' lang='lat' dir='ltr'>epistolarum</span> <span class='ocrx_word' id='word_1_42' title='bbox 1532 706 1771 739; x_wconf 88' lang='lat' dir='ltr'>nostrarum</span> 
     </span>
     <span class='ocr_line' id='line_1_8' title="bbox 377 763 1771 820; baseline 0.001 -17"><span class='ocrx_word' id='word_1_43' title='bbox 377 763 576 817; x_wconf 84' lang='lat' dir='ltr'>alloquiis</span> <span class='ocrx_word' id='word_1_44' title='bbox 628 765 912 818; x_wconf 85' lang='lat' dir='ltr'>magnitudini</span> <span class='ocrx_word' id='word_1_45' title='bbox 952 773 1038 806; x_wconf 85' lang='lat' dir='ltr'>tuae</span> <span class='ocrx_word' id='word_1_46' title='bbox 1079 766 1295 807; x_wconf 88' lang='lat' dir='ltr'>consulere</span> <span class='ocrx_word' id='word_1_47' title='bbox 1339 766 1514 820; x_wconf 88' lang='lat' dir='ltr'>dignum</span> <span class='ocrx_word' id='word_1_48' title='bbox 1556 765 1771 805; x_wconf 75' lang='lat' dir='ltr'>duximus.</span> 
     </span>
     <span class='ocr_line' id='line_1_9' title="bbox 378 830 1772 886; baseline 0 -16"><span class='ocrx_word' id='word_1_49' title='bbox 378 830 506 871; x_wconf 88' lang='lat' dir='ltr'>Nunc</span> <span class='ocrx_word' id='word_1_50' title='bbox 528 838 669 871; x_wconf 87' lang='lat' dir='ltr'>autem</span> <span class='ocrx_word' id='word_1_51' title='bbox 690 832 791 884; x_wconf 87' lang='lat' dir='ltr'>quia</span> <span class='ocrx_word' id='word_1_52' title='bbox 811 839 964 872; x_wconf 90' lang='lat' dir='ltr'>terram</span> <span class='ocrx_word' id='word_1_53' title='bbox 996 839 1180 872; x_wconf 86' lang='lat' dir='ltr'>sanctam</span> <span class='ocrx_word' id='word_1_54' title='bbox 1210 832 1497 886; x_wconf 91' lang='lat' dir='ltr'>prophanasti,</span> <span class='ocrx_word' id='word_1_55' title='bbox 1521 833 1589 872; x_wconf 89' lang='lat' dir='ltr'>cui</span> <span class='ocrx_word' id='word_1_56' title='bbox 1622 831 1772 872; x_wconf 84' lang='lat' dir='ltr'>aeterni</span> 
     </span>
     <span class='ocr_line' id='line_1_10' title="bbox 379 897 1772 952; baseline 0.001 -16"><span class='ocrx_word' id='word_1_57' title='bbox 379 897 511 950; x_wconf 82' lang='lat' dir='ltr'>Regis</span> <span class='ocrx_word' id='word_1_58' title='bbox 540 898 794 951; x_wconf 87' lang='lat' dir='ltr'>imperamus</span> <span class='ocrx_word' id='word_1_59' title='bbox 827 899 1019 952; x_wconf 87' lang='lat' dir='ltr'>imperiO,</span> <span class='ocrx_word' id='word_1_60' title='bbox 1056 899 1099 938; x_wconf 91' lang='lat' dir='ltr'>in</span> <span class='ocrx_word' id='word_1_61' title='bbox 1135 899 1318 952; x_wconf 82' lang='lat' dir='ltr'>praeside</span> <span class='ocrx_word' id='word_1_62' title='bbox 1350 899 1531 947; x_wconf 86' lang='lat' dir='ltr'>Judaeae,</span> <span class='ocrx_word' id='word_1_63' title='bbox 1573 898 1772 938; x_wconf 76' lang='lat' dir='ltr'>Samariae</span> 
     </span>
     <span class='ocr_line' id='line_1_11' title="bbox 380 963 1775 1019; baseline 0.002 -17"><span class='ocrx_word' id='word_1_64' title='bbox 380 963 724 1012; x_wconf 74' lang='lat' dir='ltr'>Palestinoruni,2</span> <span class='ocrx_word' id='word_1_65' title='bbox 756 965 800 1003; x_wconf 91' lang='lat' dir='ltr'>in</span> <span class='ocrx_word' id='word_1_66' title='bbox 831 965 939 1004; x_wconf 87' lang='lat' dir='ltr'>tanti</span> <span class='ocrx_word' id='word_1_67' title='bbox 971 964 1138 1004; x_wconf 87' lang='lat' dir='ltr'>sceleris</span> <span class='ocrx_word' id='word_1_68' title='bbox 1173 972 1556 1018; x_wconf 78' lang='lat' dir='ltr'>praesumptuosam</span> <span class='ocrx_word' id='word_1_69' title='bbox 1585 971 1628 1004; x_wconf 87' lang='lat' dir='ltr'>et</span> <span class='ocrx_word' id='word_1_70' title='bbox 1662 965 1775 1019; x_wconf 90' lang='lat' dir='ltr'>plec-</span> 
     </span>
     <span class='ocr_line' id='line_1_12' title="bbox 379 1030 1775 1079; baseline 0.001 -10"><span class='ocrx_word' id='word_1_71' title='bbox 379 1030 542 1070; x_wconf 89' lang='lat' dir='ltr'>tibilem</span> <span class='ocrx_word' id='word_1_72' title='bbox 581 1031 810 1079; x_wconf 84' lang='lat' dir='ltr'>audaciam,</span> <span class='ocrx_word' id='word_1_73' title='bbox 851 1031 993 1071; x_wconf 88' lang='lat' dir='ltr'>debita</span> <span class='ocrx_word' id='word_1_74' title='bbox 1034 1031 1391 1071; x_wconf 84' lang='lat' dir='ltr'>animadversione</span> <span class='ocrx_word' id='word_1_75' title='bbox 1432 1032 1654 1073; x_wconf 86' lang='lat' dir='ltr'>decernere</span> <span class='ocrx_word' id='word_1_76' title='bbox 1697 1032 1775 1071; x_wconf 78' lang='lat' dir='ltr'>iln-</span> 
     </span>
     <span class='ocr_line' id='line_1_13' title="bbox 377 1097 1774 1151; baseline 0.001 -15"><span class='ocrx_word' id='word_1_77' title='bbox 377 1097 547 1151; x_wconf 86' lang='lat' dir='ltr'>perialis</span> <span class='ocrx_word' id='word_1_78' title='bbox 577 1098 801 1138; x_wconf 87' lang='lat' dir='ltr'>solicitudo</span> <span class='ocrx_word' id='word_1_79' title='bbox 836 1113 912 1138; x_wconf 87' lang='lat' dir='ltr'>nos</span> <span class='ocrx_word' id='word_1_80' title='bbox 944 1099 1154 1138; x_wconf 88' lang='lat' dir='ltr'>admonet.</span> <span class='ocrx_word' id='word_1_81' title='bbox 1217 1098 1506 1140; x_wconf 83' lang='lat' dir='ltr'>Quamobrem</span> <span class='ocrx_word' id='word_1_82' title='bbox 1538 1099 1619 1138; x_wconf 89' lang='lat' dir='ltr'>nisi</span> <span class='ocrx_word' id='word_1_83' title='bbox 1652 1113 1774 1138; x_wconf 79' lang='lat' dir='ltr'>occu-</span> 
     </span>
     <span class='ocr_line' id='line_1_14' title="bbox 376 1164 1774 1219; baseline 0.002 -16"><span class='ocrx_word' id='word_1_84' title='bbox 376 1171 519 1217; x_wconf 89' lang='lat' dir='ltr'>patam</span> <span class='ocrx_word' id='word_1_85' title='bbox 550 1172 703 1204; x_wconf 80' lang='lat' dir='ltr'>terrain</span> <span class='ocrx_word' id='word_1_86' title='bbox 733 1164 932 1218; x_wconf 81' lang='lat' dir='ltr'>[Judaeae,</span> <span class='ocrx_word' id='word_1_87' title='bbox 965 1165 1180 1214; x_wconf 86' lang='lat' dir='ltr'>Samariae,</span> <span class='ocrx_word' id='word_1_88' title='bbox 1204 1174 1247 1206; x_wconf 92' lang='lat' dir='ltr'>et</span> <span class='ocrx_word' id='word_1_89' title='bbox 1279 1165 1590 1206; x_wconf 86' lang='lat' dir='ltr'>Palestinorum</span> <span class='ocrx_word' id='word_1_90' title='bbox 1607 1165 1640 1219; x_wconf 83' lang='lat'>³]</span> <span class='ocrx_word' id='word_1_91' title='bbox 1677 1174 1774 1206; x_wconf 87' lang='lat' dir='ltr'>ante</span> 
     </span>
     <span class='ocr_line' id='line_1_15' title="bbox 378 1231 1775 1286; baseline 0.002 -16"><span class='ocrx_word' id='word_1_92' title='bbox 378 1231 517 1270; x_wconf 91' lang='lat' dir='ltr'>omnia</span> <span class='ocrx_word' id='word_1_93' title='bbox 558 1232 770 1280; x_wconf 85' lang='lat' dir='ltr'>restituas,</span> <span class='ocrx_word' id='word_1_94' title='bbox 808 1233 1006 1286; x_wconf 84' lang='lat' dir='ltr'>adjuncta</span> <span class='ocrx_word' id='word_1_95' title='bbox 1055 1232 1353 1282; x_wconf 80' lang='lat' dir='ltr'>satisfactione,</span> <span class='ocrx_word' id='word_1_96' title='bbox 1401 1233 1526 1273; x_wconf 87' lang='lat' dir='ltr'>sacris</span> <span class='ocrx_word' id='word_1_97' title='bbox 1572 1233 1775 1273; x_wconf 88' lang='lat' dir='ltr'>constitu-</span> 
     </span>
     <span class='ocr_line' id='line_1_16' title="bbox 378 1297 1774 1351; baseline 0.003 -14"><span class='ocrx_word' id='word_1_98' title='bbox 378 1297 567 1337; x_wconf 87' lang='lat' dir='ltr'>tionibus</span> <span class='ocrx_word' id='word_1_99' title='bbox 606 1313 683 1351; x_wconf 92' lang='lat' dir='ltr'>pro</span> <span class='ocrx_word' id='word_1_100' title='bbox 725 1305 810 1338; x_wconf 85' lang='lat' dir='ltr'>tam</span> <span class='ocrx_word' id='word_1_101' title='bbox 848 1299 1020 1338; x_wconf 87' lang='lat' dir='ltr'>nefariis</span> <span class='ocrx_word' id='word_1_102' title='bbox 1060 1299 1304 1339; x_wconf 82' lang='lat' dir='ltr'>excessibus</span> <span class='ocrx_word' id='word_1_103' title='bbox 1343 1306 1501 1348; x_wconf 85' lang='lat' dir='ltr'>taxata,</span> <span class='ocrx_word' id='word_1_104' title='bbox 1539 1315 1592 1340; x_wconf 89' lang='lat' dir='ltr'>ne</span> <span class='ocrx_word' id='word_1_105' title='bbox 1635 1301 1774 1341; x_wconf 86' lang='lat' dir='ltr'>minus</span> 
     </span>
     <span class='ocr_line' id='line_1_17' title="bbox 376 1363 1773 1420; baseline 0.003 -17"><span class='ocrx_word' id='word_1_106' title='bbox 376 1363 616 1417; x_wconf 88' lang='lat' dir='ltr'>legitimum</span> <span class='ocrx_word' id='word_1_107' title='bbox 646 1365 806 1405; x_wconf 90' lang='lat' dir='ltr'>bellum</span> <span class='ocrx_word' id='word_1_108' title='bbox 838 1380 984 1418; x_wconf 86' lang='lat' dir='ltr'>gerere</span> <span class='ocrx_word' id='word_1_109' title='bbox 1012 1366 1242 1415; x_wconf 87' lang='lat' dir='ltr'>videamur,</span> <span class='ocrx_word' id='word_1_110' title='bbox 1268 1381 1292 1406; x_wconf 90' lang='lat' dir='ltr'>a</span> <span class='ocrx_word' id='word_1_111' title='bbox 1322 1366 1459 1420; x_wconf 86' lang='lat' dir='ltr'>capite</span> <span class='ocrx_word' id='word_1_112' title='bbox 1493 1366 1773 1407; x_wconf 85' lang='lat' dir='ltr'>Calendarum</span> 
     </span>
     <span class='ocr_line' id='line_1_18' title="bbox 378 1430 1771 1487; baseline 0.003 -18"><span class='ocrx_word' id='word_1_113' title='bbox 378 1430 644 1481; x_wconf 87' lang='lat' dir='ltr'>Novembris,</span> <span class='ocrx_word' id='word_1_114' title='bbox 667 1431 795 1484; x_wconf 89' lang='lat' dir='ltr'>[anno</span> <span class='ocrx_word' id='word_1_115' title='bbox 813 1431 1119 1472; x_wconf 88' lang='lat' dir='ltr'>Incarnationis</span> <span class='ocrx_word' id='word_1_116' title='bbox 1133 1432 1370 1472; x_wconf 85' lang='lat' dir='ltr'>Dominicae</span> <span class='ocrx_word' id='word_1_117' title='bbox 1394 1433 1771 1487; x_wconf 76' lang='lat' dir='ltr'>M.c.LXXX‚VI11,³]</span> 
     </span>
     <span class='ocr_line' id='line_1_19' title="bbox 377 1497 1775 1554; baseline 0.002 -18"><span class='ocrx_word' id='word_1_118' title='bbox 377 1497 545 1537; x_wconf 90' lang='lat' dir='ltr'>evoluto</span> <span class='ocrx_word' id='word_1_119' title='bbox 573 1498 672 1537; x_wconf 89' lang='lat' dir='ltr'>anni</span> <span class='ocrx_word' id='word_1_120' title='bbox 705 1499 855 1552; x_wconf 88' lang='lat' dir='ltr'>spatio,</span> <span class='ocrx_word' id='word_1_121' title='bbox 876 1499 1105 1539; x_wconf 89' lang='lat' dir='ltr'>terminum</span> <span class='ocrx_word' id='word_1_122' title='bbox 1130 1499 1438 1552; x_wconf 72' lang='lat' dir='ltr'>praestituimus</span> <span class='ocrx_word' id='word_1_123' title='bbox 1468 1500 1520 1539; x_wconf 88' lang='lat' dir='ltr'>ad</span> <span class='ocrx_word' id='word_1_124' title='bbox 1552 1500 1775 1554; x_wconf 82' lang='lat' dir='ltr'>experien-</span> 
     </span>
     <span class='ocr_line' id='line_1_20' title="bbox 378 1565 1770 1619; baseline 0.002 -15"><span class='ocrx_word' id='word_1_125' title='bbox 378 1565 474 1604; x_wconf 88' lang='lat' dir='ltr'>dam</span> <span class='ocrx_word' id='word_1_126' title='bbox 504 1565 606 1605; x_wconf 87' lang='lat' dir='ltr'>belli</span> <span class='ocrx_word' id='word_1_127' title='bbox 636 1565 865 1615; x_wconf 88' lang='lat' dir='ltr'>fortunam,</span> <span class='ocrx_word' id='word_1_128' title='bbox 896 1566 940 1605; x_wconf 91' lang='lat' dir='ltr'>in</span> <span class='ocrx_word' id='word_1_129' title='bbox 973 1580 1118 1619; x_wconf 88' lang='lat' dir='ltr'>campo</span> <span class='ocrx_word' id='word_1_130' title='bbox 1143 1566 1321 1614; x_wconf 85' lang='lat' dir='ltr'>Taneos,</span> <span class='ocrx_word' id='word_1_131' title='bbox 1354 1567 1398 1605; x_wconf 91' lang='lat' dir='ltr'>in</span> <span class='ocrx_word' id='word_1_132' title='bbox 1418 1567 1575 1606; x_wconf 90' lang='lat' dir='ltr'>virtute</span> <span class='ocrx_word' id='word_1_133' title='bbox 1597 1567 1770 1607; x_wconf 82' lang='lat' dir='ltr'>vivificae</span> 
     </span>
     <span class='ocr_line' id='line_1_21' title="bbox 376 1631 1773 1685; baseline 0.003 -15"><span class='ocrx_word' id='word_1_134' title='bbox 376 1631 524 1680; x_wconf 88' lang='lat' dir='ltr'>crucis,</span> <span class='ocrx_word' id='word_1_135' title='bbox 564 1639 607 1671; x_wconf 87' lang='lat' dir='ltr'>et</span> <span class='ocrx_word' id='word_1_136' title='bbox 641 1631 685 1671; x_wconf 90' lang='lat' dir='ltr'>in</span> <span class='ocrx_word' id='word_1_137' title='bbox 720 1632 888 1672; x_wconf 89' lang='lat' dir='ltr'>nomine</span> <span class='ocrx_word' id='word_1_138' title='bbox 923 1632 1009 1672; x_wconf 92' lang='lat' dir='ltr'>veri</span> <span class='ocrx_word' id='word_1_139' title='bbox 1048 1632 1221 1685; x_wconf 80' lang='lat' dir='ltr'>Joseph.</span> <span class='ocrx_word' id='word_1_140' title='bbox 1283 1632 1371 1673; x_wconf 85' lang='lat' dir='ltr'>Vix</span> <span class='ocrx_word' id='word_1_141' title='bbox 1413 1634 1523 1673; x_wconf 88' lang='lat' dir='ltr'>enim</span> <span class='ocrx_word' id='word_1_142' title='bbox 1564 1634 1773 1674; x_wconf 88' lang='lat' dir='ltr'>credimus</span> 
     </span>
     <span class='ocr_line' id='line_1_22' title="bbox 376 1697 1771 1753; baseline 0.002 -16"><span class='ocrx_word' id='word_1_143' title='bbox 376 1697 455 1737; x_wconf 88' lang='lat' dir='ltr'>hoc</span> <span class='ocrx_word' id='word_1_144' title='bbox 483 1704 523 1737; x_wconf 87' lang='lat' dir='ltr'>te</span> <span class='ocrx_word' id='word_1_145' title='bbox 554 1698 698 1747; x_wconf 84' lang='lat' dir='ltr'>latere,</span> <span class='ocrx_word' id='word_1_146' title='bbox 730 1699 845 1752; x_wconf 85' lang='lat' dir='ltr'>quod</span> <span class='ocrx_word' id='word_1_147' title='bbox 876 1713 932 1738; x_wconf 83' lang='lat' dir='ltr'>ex</span> <span class='ocrx_word' id='word_1_148' title='bbox 960 1699 1179 1752; x_wconf 87' lang='lat' dir='ltr'>scripturis</span> <span class='ocrx_word' id='word_1_149' title='bbox 1200 1706 1405 1748; x_wconf 86' lang='lat' dir='ltr'>veterum,</span> <span class='ocrx_word' id='word_1_150' title='bbox 1430 1707 1472 1739; x_wconf 87' lang='lat' dir='ltr'>et</span> <span class='ocrx_word' id='word_1_151' title='bbox 1501 1715 1557 1740; x_wconf 83' lang='lat' dir='ltr'>ex</span> <span class='ocrx_word' id='word_1_152' title='bbox 1586 1701 1771 1753; x_wconf 87' lang='lat' dir='ltr'>antiquis</span> 
     </span>
     <span class='ocr_line' id='line_1_23' title="bbox 375 1765 1773 1821; baseline 0.002 -17"><span class='ocrx_word' id='word_1_153' title='bbox 375 1765 559 1805; x_wconf 86' lang='lat' dir='ltr'>historiis</span> <span class='ocrx_word' id='word_1_154' title='bbox 580 1766 713 1805; x_wconf 90' lang='lat' dir='ltr'>nostri</span> <span class='ocrx_word' id='word_1_155' title='bbox 737 1765 938 1818; x_wconf 88' lang='lat' dir='ltr'>temporis</span> <span class='ocrx_word' id='word_1_156' title='bbox 956 1765 1056 1805; x_wconf 88' lang='lat' dir='ltr'>facti</span> <span class='ocrx_word' id='word_1_157' title='bbox 1074 1765 1306 1806; x_wconf 87' lang='lat' dir='ltr'>novitatem</span> <span class='ocrx_word' id='word_1_158' title='bbox 1324 1767 1500 1807; x_wconf 86' lang='lat' dir='ltr'>redolet.</span> <span class='ocrx_word' id='word_1_159' title='bbox 1562 1767 1773 1821; x_wconf 89' lang='lat' dir='ltr'>Nunquid</span> 
     </span>
     <span class='ocr_line' id='line_1_24' title="bbox 376 1832 1771 1886; baseline 0.002 -15"><span class='ocrx_word' id='word_1_160' title='bbox 376 1832 479 1872; x_wconf 87' lang='lat' dir='ltr'>scire</span> <span class='ocrx_word' id='word_1_161' title='bbox 508 1832 744 1872; x_wconf 84' lang='lat' dir='ltr'>dissimulas</span> <span class='ocrx_word' id='word_1_162' title='bbox 770 1833 911 1872; x_wconf 89' lang='lat' dir='ltr'>ambas</span> <span class='ocrx_word' id='word_1_163' title='bbox 933 1833 1188 1886; x_wconf 82' lang='lat' dir='ltr'>AEthiopiaS,</span> <span class='ocrx_word' id='word_1_164' title='bbox 1218 1833 1536 1884; x_wconf 83' lang='lat' dir='ltr'>Mauritaniam,</span> <span class='ocrx_word' id='word_1_165' title='bbox 1570 1833 1771 1884; x_wconf 86' lang='lat' dir='ltr'>Persiam,</span> 
     </span>
     <span class='ocr_line' id='line_1_25' title="bbox 377 1898 1772 1952; baseline 0.002 -14"><span class='ocrx_word' id='word_1_166' title='bbox 377 1898 557 1952; x_wconf 86' lang='lat' dir='ltr'>Syriam,</span> <span class='ocrx_word' id='word_1_167' title='bbox 582 1899 810 1948; x_wconf 77' lang='lat' dir='ltr'>Parthiam,</span> <span class='ocrx_word' id='word_1_168' title='bbox 834 1899 909 1938; x_wconf 85' lang='lat' dir='ltr'>ubi</span> <span class='ocrx_word' id='word_1_169' title='bbox 939 1899 1076 1939; x_wconf 74' lang='lat' dir='ltr'>lVIarci</span> <span class='ocrx_word' id='word_1_170' title='bbox 1105 1899 1243 1939; x_wconf 85' lang='lat' dir='ltr'>Crassi</span> <span class='ocrx_word' id='word_1_171' title='bbox 1274 1900 1409 1942; x_wconf 90' lang='lat' dir='ltr'>nostri</span> <span class='ocrx_word' id='word_1_172' title='bbox 1440 1901 1654 1941; x_wconf 84' lang='lat' dir='ltr'>dictatoris</span> <span class='ocrx_word' id='word_1_173' title='bbox 1684 1902 1772 1942; x_wconf 86' lang='lat' dir='ltr'>fata</span> 
     </span>
     <span class='ocr_line' id='line_1_26' title="bbox 375 1966 1772 2020; baseline 0.003 -16"><span class='ocrx_word' id='word_1_174' title='bbox 375 1972 475 2005; x_wconf 87' lang='lat' dir='ltr'>sunt</span> <span class='ocrx_word' id='word_1_175' title='bbox 509 1973 822 2020; x_wconf 85' lang='lat' dir='ltr'>praematurata,</span> <span class='ocrx_word' id='word_1_176' title='bbox 854 1966 880 2005; x_wconf 86' lang='lat' dir='ltr'>J</span> <span class='ocrx_word' id='word_1_177' title='bbox 884 1966 1063 2015; x_wconf 85' lang='lat' dir='ltr'>udaeam,</span> <span class='ocrx_word' id='word_1_178' title='bbox 1100 1966 1330 2007; x_wconf 85' lang='lat' dir='ltr'>Samariam</span> <span class='ocrx_word' id='word_1_179' title='bbox 1361 1969 1628 2018; x_wconf 88' lang='lat' dir='ltr'>maritimam,</span> <span class='ocrx_word' id='word_1_180' title='bbox 1665 1969 1772 2008; x_wconf 89' lang='lat' dir='ltr'>Ara-</span> 
     </span>
     <span class='ocr_line' id='line_1_27' title="bbox 376 2031 1771 2089; baseline 0.004 -19"><span class='ocrx_word' id='word_1_181' title='bbox 376 2031 504 2081; x_wconf 85' lang='lat' dir='ltr'>biam,</span> <span class='ocrx_word' id='word_1_182' title='bbox 542 2032 798 2082; x_wconf 82' lang='lat' dir='ltr'>Chaldaeam,</span> <span class='ocrx_word' id='word_1_183' title='bbox 841 2033 975 2086; x_wconf 88' lang='lat' dir='ltr'>ipsam</span> <span class='ocrx_word' id='word_1_184' title='bbox 1026 2048 1197 2086; x_wconf 88' lang='lat' dir='ltr'>quoque</span> <span class='ocrx_word' id='word_1_185' title='bbox 1238 2034 1493 2087; x_wconf 86' lang='lat' dir='ltr'>AEgyptum,</span> <span class='ocrx_word' id='word_1_186' title='bbox 1533 2036 1621 2085; x_wconf 89' lang='lat' dir='ltr'>ubi,</span> <span class='ocrx_word' id='word_1_187' title='bbox 1665 2036 1771 2089; x_wconf 90' lang='lat' dir='ltr'>proh</span> 
     </span>
     <span class='ocr_line' id='line_1_28' title="bbox 376 2098 1770 2155; baseline 0.004 -18"><span class='ocrx_word' id='word_1_188' title='bbox 376 2098 521 2139; x_wconf 82' lang='lat' dir='ltr'>dolor!</span> <span class='ocrx_word' id='word_1_189' title='bbox 555 2099 654 2138; x_wconf 87' lang='lat' dir='ltr'>civis</span> <span class='ocrx_word' id='word_1_190' title='bbox 687 2099 906 2138; x_wconf 86' lang='lat' dir='ltr'>Romanus</span> <span class='ocrx_word' id='word_1_191' title='bbox 938 2099 1169 2147; x_wconf 79' lang='lat' dir='ltr'>Antonius,</span> <span class='ocrx_word' id='word_1_192' title='bbox 1192 2099 1254 2139; x_wconf 88' lang='lat' dir='ltr'>vir</span> <span class='ocrx_word' id='word_1_193' title='bbox 1285 2100 1439 2154; x_wconf 81' lang='lat' dir='ltr'>insigni</span> <span class='ocrx_word' id='word_1_194' title='bbox 1469 2102 1625 2142; x_wconf 88' lang='lat' dir='ltr'>virtute</span> <span class='ocrx_word' id='word_1_195' title='bbox 1662 2117 1770 2155; x_wconf 82' lang='lat' dir='ltr'>prae-</span> 
     </span>
     <span class='ocr_line' id='line_1_29' title="bbox 376 2164 1771 2220; baseline 0.004 -17"><span class='ocrx_word' id='word_1_196' title='bbox 376 2164 503 2213; x_wconf 90' lang='lat' dir='ltr'>ditus,</span> <span class='ocrx_word' id='word_1_197' title='bbox 541 2165 646 2204; x_wconf 88' lang='lat' dir='ltr'>citra</span> <span class='ocrx_word' id='word_1_198' title='bbox 684 2165 865 2204; x_wconf 85' lang='lat' dir='ltr'>nitorem</span> <span class='ocrx_word' id='word_1_199' title='bbox 910 2165 1217 2218; x_wconf 82' lang='lat' dir='ltr'>temperantiae,</span> <span class='ocrx_word' id='word_1_200' title='bbox 1259 2180 1378 2205; x_wconf 88' lang='lat' dir='ltr'>secus</span> <span class='ocrx_word' id='word_1_201' title='bbox 1418 2181 1545 2220; x_wconf 89' lang='lat' dir='ltr'>quam</span> <span class='ocrx_word' id='word_1_202' title='bbox 1597 2169 1771 2208; x_wconf 87' lang='lat' dir='ltr'>decebat</span> 
     </span>
     <span class='ocr_line' id='line_1_30' title="bbox 375 2234 1770 2285; baseline 0.003 -12"><span class='ocrx_word' id='word_1_203' title='bbox 375 2234 553 2274; x_wconf 87' lang='lat' dir='ltr'>militem</span> <span class='ocrx_word' id='word_1_204' title='bbox 589 2249 612 2274; x_wconf 88' lang='lat' dir='ltr'>a</span> <span class='ocrx_word' id='word_1_205' title='bbox 648 2241 764 2274; x_wconf 88' lang='lat' dir='ltr'>tanto</span> <span class='ocrx_word' id='word_1_206' title='bbox 798 2249 939 2274; x_wconf 90' lang='lat' dir='ltr'>rerum</span> <span class='ocrx_word' id='word_1_207' title='bbox 975 2235 1158 2274; x_wconf 87' lang='lat' dir='ltr'>culmine</span> <span class='ocrx_word' id='word_1_208' title='bbox 1194 2236 1405 2285; x_wconf 86' lang='lat' dir='ltr'>emissum,</span> <span class='ocrx_word' id='word_1_209' title='bbox 1443 2237 1581 2276; x_wconf 88' lang='lat' dir='ltr'>minus</span> <span class='ocrx_word' id='word_1_210' title='bbox 1621 2238 1770 2277; x_wconf 85' lang='lat' dir='ltr'>sobriis</span> 
     </span>
     <span class='ocr_line' id='line_1_31' title="bbox 376 2301 1768 2356; baseline 0.002 -16"><span class='ocrx_word' id='word_1_211' title='bbox 376 2301 612 2354; x_wconf 78' lang='lat' dir='ltr'>Cleopatrae</span> <span class='ocrx_word' id='word_1_212' title='bbox 652 2301 907 2341; x_wconf 86' lang='lat' dir='ltr'>inserviebat</span> <span class='ocrx_word' id='word_1_213' title='bbox 946 2301 1191 2341; x_wconf 77' lang='lat' dir='ltr'>amoribus?</span> <span class='ocrx_word' id='word_1_214' title='bbox 1251 2301 1461 2356; x_wconf 86' lang='lat' dir='ltr'>Nunquid</span> <span class='ocrx_word' id='word_1_215' title='bbox 1502 2304 1627 2343; x_wconf 88' lang='lat' dir='ltr'>etiam</span> <span class='ocrx_word' id='word_1_216' title='bbox 1664 2304 1768 2343; x_wconf 88' lang='lat' dir='ltr'>scire</span> 
     </span>
     <span class='ocr_line' id='line_1_32' title="bbox 372 2367 1769 2417; baseline 0.004 -11"><span class='ocrx_word' id='word_1_217' title='bbox 372 2368 606 2407; x_wconf 84' lang='lat' dir='ltr'>dissimulas</span> <span class='ocrx_word' id='word_1_218' title='bbox 637 2367 897 2417; x_wconf 86' lang='lat' dir='ltr'>Armeniam,</span> <span class='ocrx_word' id='word_1_219' title='bbox 927 2374 970 2408; x_wconf 91' lang='lat' dir='ltr'>et</span> <span class='ocrx_word' id='word_1_220' title='bbox 1004 2368 1105 2408; x_wconf 86' lang='lat' dir='ltr'>alias</span> <span class='ocrx_word' id='word_1_221' title='bbox 1143 2375 1273 2409; x_wconf 90' lang='lat' dir='ltr'>terras</span> <span class='ocrx_word' id='word_1_222' title='bbox 1311 2369 1640 2411; x_wconf 88' lang='lat' dir='ltr'>innumerabiles</span> <span class='ocrx_word' id='word_1_223' title='bbox 1674 2385 1769 2410; x_wconf 88' lang='lat' dir='ltr'>nos-</span> 
     </span>
     <span class='ocr_line' id='line_1_33' title="bbox 372 2435 891 2488; baseline 0.002 -15"><span class='ocrx_word' id='word_1_224' title='bbox 372 2441 448 2474; x_wconf 85' lang='lat' dir='ltr'>trae</span> <span class='ocrx_word' id='word_1_225' title='bbox 472 2435 625 2474; x_wconf 87' lang='lat' dir='ltr'>ditioni</span> <span class='ocrx_word' id='word_1_226' title='bbox 647 2435 856 2488; x_wconf 84' lang='lat' dir='ltr'>subjectas</span> <span class='ocrx_word' id='word_1_227' title='bbox 875 2435 891 2474; x_wconf 68' lang='grc' dir='ltr'>ἶ)</span> 
     </span>
    </p>

    <p class='ocr_par' dir='ltr' id='par_1_4' title="bbox 370 2501 1766 2623">
     <span class='ocr_line' id='line_1_34' title="bbox 429 2501 1766 2557; baseline 0.003 -17"><span class='ocrx_word' id='word_1_228' title='bbox 429 2501 644 2541; x_wconf 82' lang='lat' dir='ltr'>“Norunt</span> <span class='ocrx_word' id='word_1_229' title='bbox 670 2501 749 2540; x_wconf 89' lang='lat' dir='ltr'>hoc</span> <span class='ocrx_word' id='word_1_230' title='bbox 775 2516 908 2554; x_wconf 84' lang='lat' dir='ltr'>reges,</span> <span class='ocrx_word' id='word_1_231' title='bbox 932 2516 1112 2555; x_wconf 88' lang='lat' dir='ltr'>quorum</span> <span class='ocrx_word' id='word_1_232' title='bbox 1136 2517 1283 2542; x_wconf 83' lang='lat' dir='ltr'>cruore</span> <span class='ocrx_word' id='word_1_233' title='bbox 1315 2503 1443 2557; x_wconf 85' lang='lat' dir='ltr'>gladii</span> <span class='ocrx_word' id='word_1_234' title='bbox 1466 2504 1651 2544; x_wconf 88' lang='lat' dir='ltr'>Romani</span> <span class='ocrx_word' id='word_1_235' title='bbox 1679 2519 1766 2544; x_wconf 87' lang='lat' dir='ltr'>cre-</span> 
     </span>
     <span class='ocr_line' id='line_1_35' title="bbox 370 2567 1766 2623; baseline 0.004 -17"><span class='ocrx_word' id='word_1_236' title='bbox 370 2567 488 2607; x_wconf 90' lang='lat' dir='ltr'>brius</span> <span class='ocrx_word' id='word_1_237' title='bbox 527 2575 628 2606; x_wconf 89' lang='lat' dir='ltr'>sunt</span> <span class='ocrx_word' id='word_1_238' title='bbox 661 2568 888 2616; x_wconf 80' lang='lat' dir='ltr'>inebriati3</span> <span class='ocrx_word' id='word_1_239' title='bbox 922 2575 965 2608; x_wconf 92' lang='lat' dir='ltr'>et</span> <span class='ocrx_word' id='word_1_240' title='bbox 1000 2575 1047 2608; x_wconf 91' lang='lat' dir='ltr'>tu</span> <span class='ocrx_word' id='word_1_241' title='bbox 1089 2569 1260 2622; x_wconf 88' lang='lat' dir='ltr'>quidem</span> <span class='ocrx_word' id='word_1_242' title='bbox 1293 2570 1337 2609; x_wconf 91' lang='lat' dir='ltr'>in</span> <span class='ocrx_word' id='word_1_243' title='bbox 1378 2570 1469 2623; x_wconf 89' lang='lat' dir='ltr'>ipsa</span> <span class='ocrx_word' id='word_1_244' title='bbox 1510 2586 1651 2610; x_wconf 88' lang='lat' dir='ltr'>rerum</span> <span class='ocrx_word' id='word_1_245' title='bbox 1692 2586 1766 2611; x_wconf 84' lang='lat' dir='ltr'>ex-</span> 
     </span>
    </p>
   </div>
   <div class='ocr_carea' id='block_1_4' title="bbox 362 2653 1765 2744">
    <p class='ocr_par' dir='ltr' id='par_1_5' title="bbox 362 2653 1765 2744">
     <span class='ocr_line' id='line_1_36' title="bbox 420 2653 1765 2701; baseline 0.004 -16"><span class='ocrx_word' id='word_1_246' title='bbox 420 2655 427 2672; x_wconf 83' lang='lat'>¹</span> <span class='ocrx_word' id='word_1_247' title='bbox 459 2654 630 2691; x_wconf 77' lang='lat' dir='ltr'>Quondam</span> <span class='ocrx_word' id='word_1_248' title='bbox 642 2653 765 2687; x_wconf 69' lang='lat' dir='ltr'>illustri</span> <span class='ocrx_word' id='word_1_249' title='bbox 775 2654 917 2699; x_wconf 60' lang='lat' dir='ltr'>exemplo</span> <span class='ocrx_word' id='word_1_250' title='bbox 930 2655 1036 2688; x_wconf 78' lang='lat' dir='ltr'>Plzar.</span> <span class='ocrx_word' id='word_1_251' title='bbox 1103 2655 1362 2699; x_wconf 72' lang='lat' dir='ltr'>Palestinorum,</span> <span class='ocrx_word' id='word_1_252' title='bbox 1381 2656 1522 2689; x_wconf 86' lang='lat' dir='ltr'>omitted</span> <span class='ocrx_word' id='word_1_253' title='bbox 1539 2657 1583 2701; x_wconf 87' lang='lat' dir='ltr'>by</span> <span class='ocrx_word' id='word_1_254' title='bbox 1599 2657 1765 2690; x_wconf 83' lang='lat' dir='ltr'>Baronius</span> 
     </span>
     <span class='ocr_line' id='line_1_37' title="bbox 362 2699 1363 2744; baseline 0.002 -12"><span class='ocrx_word' id='word_1_255' title='bbox 362 2701 493 2744; x_wconf 43' lang='lat' dir='ltr'>‚fugere</span> <span class='ocrx_word' id='word_1_256' title='bbox 509 2700 672 2741; x_wconf 74' lang='lat' dir='ltr'>Israelem,</span> <span class='ocrx_word' id='word_1_257' title='bbox 693 2699 826 2732; x_wconf 89' lang='lat' dir='ltr'>Diceto.</span> <span class='ocrx_word' id='word_1_258' title='bbox 1102 2701 1167 2733; x_wconf 85' lang='lat' dir='ltr'>and</span> <span class='ocrx_word' id='word_1_259' title='bbox 1189 2701 1363 2735; x_wconf 81' lang='lat' dir='ltr'>Hovcdcn.</span> 
     </span>
    </p>
   </div>
   <div class='ocr_carea' id='block_1_5' title="bbox 420 2747 1762 2835">
    <p class='ocr_par' dir='ltr' id='par_1_6' title="bbox 420 2747 1762 2835">
     <span class='ocr_line' id='line_1_38' title="bbox 1149 2747 1762 2791; baseline 0.005 -13"><span class='ocrx_word' id='word_1_260' title='bbox 1149 2747 1161 2765; x_wconf 81' lang='lat'><strong>³</strong></span> <span class='ocrx_word' id='word_1_261' title='bbox 1187 2747 1339 2780; x_wconf 76' lang='lat' dir='ltr'>Omitted</span> <span class='ocrx_word' id='word_1_262' title='bbox 1393 2748 1426 2780; x_wconf 88' lang='lat' dir='ltr'>in</span> <span class='ocrx_word' id='word_1_263' title='bbox 1470 2748 1558 2791; x_wconf 65' lang='lat' dir='ltr'>MS„</span> <span class='ocrx_word' id='word_1_264' title='bbox 1607 2748 1762 2781; x_wconf 77' lang='lat' dir='ltr'>Martcnc</span> 
     </span>
     <span class='ocr_line' id='line_1_39' title="bbox 420 2791 1321 2835; baseline 0.002 -12"><span class='ocrx_word' id='word_1_265' title='bbox 420 2792 432 2809; x_wconf 85' lang='lat'><em>²</em></span> <span class='ocrx_word' id='word_1_266' title='bbox 461 2791 498 2823; x_wconf 93' lang='lat' dir='ltr'>ln</span> <span class='ocrx_word' id='word_1_267' title='bbox 533 2791 673 2835; x_wconf 68' lang='lat' dir='ltr'>praeside</span> <span class='ocrx_word' id='word_1_268' title='bbox 707 2791 846 2831; x_wconf 72' lang='lat' dir='ltr'>Judaeae,</span> <span class='ocrx_word' id='word_1_269' title='bbox 877 2792 1036 2825; x_wconf 57' lang='lat' dir='ltr'>Samariae</span> <span class='ocrx_word' id='word_1_270' title='bbox 1103 2792 1168 2825; x_wconf 87' lang='lat' dir='ltr'>and</span> <span class='ocrx_word' id='word_1_271' title='bbox 1188 2792 1321 2826; x_wconf 84' lang='lat' dir='ltr'>Diceto.</span> 
     </span>
    </p>
   </div>
  </div>
 </body>
</html>
