1908 3135
512 224 575 255 DE
610 223 963 256 INSTRUCTIONE
998 221 1276 255 PRINCIPUM.
1535 216 1588 255 53

191 323 457 364 subdendum
488 323 609 363 illum
642 323 849 377 populum
885 323 1064 376 legibus,
1087 329 1130 362 et
1150 322 1351 362 vitiorum
1382 321 1588 375 plantaria

190 393 287 433 inde
327 394 592 447 extirpanda,
633 393 740 434 velle
780 393 965 442 intrare3
1011 399 1054 433 et
1093 393 1144 432 de
1185 391 1361 445 singulis
1393 391 1588 431 domibus

189 474 372 500 annuam
393 461 520 500 unius
540 460 700 500 denarii
722 460 856 500 Beato
872 460 1000 501 Petro
1018 459 1124 500 velle
1145 458 1305 499 solvere
1326 458 1586 512 pensionem,

189 534 233 566 et
261 527 360 581 jura
391 527 661 567 ecclesiarum
692 526 808 567 illius
846 534 970 566 terrae
1004 526 1169 566 illibata
1204 532 1247 566 et
1277 524 1443 578 integra
1488 540 1587 564 con-

188 608 364 634 servare.
426 593 516 633 Nos
552 593 700 648 itaque
721 594 842 647 pium
865 601 908 633 et
938 593 1148 634 laudabile
1185 591 1441 633 desiderium
1463 598 1585 632 tuum

189 675 284 700 cum
305 660 446 701 favore
467 675 652 714 congruo
672 668 992 715 prosequentes,
1016 667 1059 700 et
1089 659 1288 714 petitioni
1322 666 1409 699 tuae
1440 659 1588 713 benig—

186 742 289 766 num
326 727 619 781 impendentes
653 742 881 777 assensum,
922 734 1089 780 gratum
1130 733 1173 766 et
1210 732 1430 780 acceptum
1460 725 1589 766 habe-

188 808 295 843 mus,
337 801 385 835 ut
424 810 500 849 pro
540 795 764 835 dilatandis
804 794 1009 835 Ecclesiae
1046 794 1249 844 terminis,
1277 808 1354 848 pro
1388 793 1585 833 vitiorum

187 861 478 915 restringendo
498 863 689 911 decursu,
712 877 788 916 pro
810 861 1065 915 corrigendis
1086 861 1274 901 moribus
1295 867 1338 900 et
1356 860 1587 901 virtutibus

189 928 434 978 inserendis,
472 944 548 983 pro
588 929 840 970 Christianae
878 928 1092 982 religionis
1124 934 1366 981 augmentO,
1408 927 1586 967 insulam

188 994 302 1035 illam
324 995 594 1049 ingrediaris3
628 1004 670 1036 et
692 1011 789 1050 quae
808 996 860 1036 ad
877 995 1080 1035 honorem
1102 995 1187 1035 Dei
1207 1002 1251 1035 et
1272 994 1451 1034 salutem
1472 994 1587 1034 illius

192 1069 317 1102 terrae
358 1063 652 1117 spectaverint,
694 1062 941 1116 exequaris:
996 1068 1038 1102 et
1076 1061 1191 1101 illius
1242 1068 1365 1102 terrae
1403 1061 1587 1115 populus

190 1130 419 1170 honorifice
454 1137 497 1169 te
533 1130 712 1184 recipiat
746 1137 789 1170 et
821 1130 929 1170 sicut
959 1128 1178 1169 dominum
1214 1135 1462 1176 veneretur;
1490 1129 1587 1182 jure

190 1197 391 1236 nimirum
423 1197 691 1237 ecclesiarum
724 1197 887 1237 illibato
923 1202 966 1236 et
999 1195 1165 1248 integro
1195 1202 1497 1249 permanente;
1546 1203 1590 1235 et

190 1263 300 1303 salva
339 1264 473 1304 Beato
513 1264 641 1304 Petro
674 1270 717 1303 et
752 1269 1025 1304 sacrosanctae
1061 1262 1265 1302 Ecclesiae
1298 1261 1505 1301 Romanae
1539 1262 1588 1301 de

191 1330 367 1384 singulis
398 1331 594 1371 domibus
626 1345 765 1371 annua
785 1330 911 1370 unius
943 1329 1103 1370 denarii
1131 1328 1349 1383 pensione.
1413 1327 1457 1368 Si
1491 1343 1590 1382 ergo

192 1398 307 1452 quod
327 1397 556 1451 concepisti
577 1398 730 1447 animo,
750 1397 904 1438 effectu
926 1396 1100 1437 duxeris
1121 1395 1418 1449 complendum
1435 1411 1445 1445 ;
1469 1396 1590 1435 stude

192 1472 365 1519 gentem
385 1464 500 1504 illam
521 1464 643 1505 bonis
662 1464 853 1505 moribus
873 1463 1100 1504 informare
1120 1480 1129 1513 3
1163 1470 1206 1504 et
1226 1478 1322 1517 agas
1344 1469 1429 1503 tam
1450 1477 1526 1517 per
1547 1470 1590 1503 te

194 1548 325 1587 quam
345 1546 420 1586 per
439 1532 533 1572 illos
570 1547 675 1586 quos
697 1532 749 1571 ad
768 1531 847 1571 hoc
867 1531 965 1579 fide,
987 1531 1116 1571 verbo
1138 1537 1181 1571 et
1201 1530 1287 1571 vita
1307 1529 1480 1570 idoneos
1502 1544 1590 1570 esse

194 1600 473 1654 perspexeris,
495 1606 545 1640 ut
565 1600 787 1639 decoretur
807 1598 867 1638 ibi
889 1597 1092 1647 Ecclesia,
1114 1597 1334 1652 plantetur
1365 1604 1408 1637 et
1437 1604 1595 1638 crescat

195 1667 294 1707 fidei
317 1666 567 1708 Christianae
589 1666 763 1719 religi03
786 1672 829 1706 et
843 1680 940 1719 quae
962 1665 1014 1705 ad
1033 1664 1237 1704 honorem
1252 1664 1335 1704 Dei
1353 1670 1395 1704 et
1416 1664 1595 1704 salutem

195 1734 412 1788 pertinent
446 1733 678 1773 animarum
715 1732 856 1772 taliter
888 1732 1149 1781 ordinentur,
1182 1738 1231 1771 ut
1266 1746 1288 1771 a
1313 1731 1409 1771 Deo
1441 1732 1595 1785 sempi-

197 1807 329 1840 ternae
364 1800 568 1840 mercedis
599 1799 815 1840 cumulum
848 1799 1050 1852 consequi
1081 1798 1291 1847 merearis,
1333 1805 1376 1838 et
1400 1799 1443 1838 in
1473 1799 1595 1838 terris

198 1867 428 1921 gloriosum
448 1881 603 1907 nomen
622 1866 759 1906 valeas
781 1866 824 1905 in
844 1865 1010 1906 saeculis
1032 1865 1264 1905 obtinere.”

259 1934 442 1975 Secundi
462 1949 560 1974 vero
580 1933 791 1988 privilegii
822 1939 944 1973 tenor
980 1932 1075 1981 hic3
1128 1932 1250 1972 Sicut
1281 1947 1305 1972 a
1340 1932 1595 1986 quibusdam

197 2002 470 2056 impetratum
491 2001 691 2041 asseritur
724 2006 797 2041 aut
818 2000 1087 2054 confingitur,
1117 2000 1169 2040 ab
1191 1999 1283 2040 aliis
1313 2006 1389 2040 aut
1408 2015 1596 2054 unquam

196 2069 469 2123 impetratum
486 2068 616 2108 fuisse
637 2070 849 2121 negatur.1

258 2140 283 2158 ‘⁶
300 2136 546 2176 Alexander
583 2135 818 2190 episcopus,
840 2149 982 2175 servus
1021 2149 1237 2175 servorum
1258 2133 1356 2184 Dei,
1378 2134 1598 2175 karissimo

198 2206 242 2246 in
264 2206 434 2246 Christo
454 2205 543 2245 filio
578 2205 734 2245 illustri
770 2203 1010 2257 Anglorum
1043 2202 1156 2256 Regi
1192 2203 1371 2243 salutem
1402 2209 1445 2243 et
1481 2218 1600 2257 apos-

198 2274 367 2314 tolicam
382 2272 735 2313 benedictionem.
771 2271 984 2314 Quoniam
1005 2285 1053 2310 ea
1066 2285 1163 2323 quae
1181 2285 1204 2310 a
1219 2271 1601 2323 praedecessoribus

199 2340 352 2380 nostris
373 2338 680 2379 rationabiliter
700 2338 874 2377 inducta
893 2344 1127 2376 noscuntur
1156 2343 1366 2390 perpetua
1385 2345 1602 2377 merentur

203 2406 434 2447 stabilitate
464 2405 636 2454 firmari,
667 2403 917 2444 venerabilis
952 2403 1081 2457 Papae
1120 2403 1306 2456 vestigiis
1343 2402 1599 2444 inhaerentcs

200 2473 418 2526 nostrique
441 2471 637 2512 desiderii
657 2471 844 2511 fructum
865 2470 1132 2510 attendentes
1154 2469 1463 2510 concessionem
1487 2471 1600 2524 ejus-

201 2541 295 2580 dem
331 2554 457 2593 super
487 2539 711 2579 Hibernici
744 2537 864 2591 regni
901 2536 1087 2577 dominio
1117 2536 1237 2576 vobis
1268 2536 1449 2586 indulto,
1487 2537 1599 2578 salva

203 2607 337 2646 Beato
372 2606 516 2655 Petro,
540 2612 582 2645 et
613 2610 886 2645 sacrosancta>
920 2603 1128 2644 Romanae
1161 2603 1382 2653 Ecclesiae,
1414 2604 1524 2645 sicut
1554 2605 1596 2645 in

213 2744 223 2777 l
247 2699 257 2718 ¹
284 2697 346 2749 See
364 2697 458 2776 ῖῙιΞοόο
476 2697 571 2731 other
588 2696 705 2730 letters
723 2696 761 2729 of
772 2695 839 2730 this
858 2696 949 2741 Pope
968 2707 1010 2729 on
1028 2696 1085 2729 the
1112 2707 1205 2730 same
1227 2696 1361 2740 subject
1387 2697 1420 2730 in
1447 2697 1503 2730 the
1519 2697 1597 2731 Foe-

203 2755 290 2786 (cra,
310 2755 332 2778 1.
350 2755 382 2788 p.
450 2769 457 2777 .
