1908 3135
375 284 395 322 1
404 283 457 324 62
781 291 1020 324 GIRALDUS
1055 291 1351 324 CAMBRENSIS

374 392 525 434 ceteris
539 391 727 446 tyrannis
745 392 954 440 omnibus,
972 397 1056 431 tam
1074 390 1118 430 in
1138 389 1418 430 sacerdotium
1441 404 1567 443 quam
1588 403 1767 443 regnum

375 459 660 513 Anglicanum
684 459 769 499 suis
800 458 982 499 insanire
1014 457 1163 497 diebus
1191 464 1234 497 et
1266 457 1526 506 debacchari,
1560 457 1623 496 fas
1645 472 1768 497 omne

372 528 575 582 nefasque
615 526 926 575 confundendo,
967 525 1172 580 plectibili
1212 525 1449 566 temeritate
1480 525 1764 578 praesumpsit,

371 595 519 635 referri
548 600 703 648 potest.
765 593 921 634 Dictus
945 592 1055 633 enim
1077 591 1103 632 J
1107 592 1302 641 ohannes,
1326 591 1462 646 (cujus
1494 591 1658 631 utinam
1677 591 1764 632 vita

369 661 552 702 nominis
591 660 932 715 interpretationi
984 659 1300 700 concordasset!
1345 659 1545 713 quatinus
1593 659 1661 699 hic
1698 659 1764 699 vel

369 728 413 768 in
435 728 581 782 paucis
611 728 855 782 anticipatio
886 727 992 779 fiat,)
1026 726 1225 780 quoniam
1245 726 1396 766 fratres
1417 726 1605 779 egregios
1636 732 1764 779 atque

369 804 566 851 parentes
586 797 630 836 in
649 796 772 837 bonis
803 795 1067 849 aequiparare
1099 809 1184 834 non
1212 794 1369 848 potuit,
1391 802 1496 848 puta
1516 794 1624 834 sicut
1644 794 1763 834 annis

371 862 558 913 inferior,
582 863 639 902 sic
661 863 810 902 animis
831 862 980 902 amaris
1001 868 1044 902 et
1076 862 1241 901 actibus
1262 862 1398 915 pravis
1419 862 1542 915 longe
1579 861 1761 901 deterior

371 929 571 978 existens,
600 943 685 969 non
716 929 852 968 solum
884 928 997 982 ipsos
1028 928 1070 967 in
1101 927 1236 976 malis,
1255 943 1401 968 verum
1435 928 1562 968 etiam
1592 928 1637 968 in
1655 928 1768 967 vitiis

371 996 613 1037 enormibus
643 995 816 1036 vitiosos
845 995 1010 1035 vincere
1041 1002 1229 1044 cunctos,
1266 1002 1308 1035 et
1346 995 1531 1035 maxime
1566 1001 1765 1049 tyrannos

371 1077 514 1103 omnes
550 1077 656 1116 quos
675 1062 743 1103 vel
773 1076 960 1116 praesens
992 1068 1094 1102 aetas
1120 1062 1187 1102 vel
1216 1062 1421 1115 longaevae
1453 1062 1668 1102 memoriae
1701 1077 1766 1102 re-

370 1130 505 1170 colere
559 1129 703 1184 potuit
752 1130 998 1183 antiquitas,
1037 1129 1294 1170 detestandis
1347 1145 1486 1184 pravae
1536 1129 1769 1183 tyrannidis

369 1197 534 1237 actibus
567 1197 667 1237 totis
703 1197 996 1237 transcendere
1028 1197 1191 1237 nisibus
1221 1197 1462 1238 elaboravit.
1528 1197 1607 1237 Illo
1644 1196 1768 1237 nimi-

369 1279 465 1305 rum
495 1264 540 1304 in
579 1264 752 1318 sceptris
783 1272 948 1317 agente,
979 1264 1108 1304 immo
1143 1279 1288 1305 revera
1318 1264 1501 1313 furente,
1538 1264 1690 1304 accidit
1723 1263 1766 1303 in

370 1331 564 1371 australis
588 1330 806 1370 Kambriae
827 1330 999 1379 finibus,
1021 1337 1064 1370 et
1085 1331 1299 1384 provincia
1314 1331 1522 1371 maritima
1538 1345 1635 1384 quae
1658 1337 1769 1370 terra

371 1398 572 1452 Morgani
600 1398 727 1451 vulgo
752 1404 937 1446 vocatur,
975 1413 1122 1451 parum
1159 1405 1255 1438 ante
1287 1398 1560 1438 interdictum
1593 1397 1764 1451 Angliae

371 1473 457 1506 tam
479 1466 743 1513 diuturnum,
767 1465 880 1518 quod
900 1465 988 1504 viro
1011 1465 1176 1504 cuidam
1196 1465 1308 1505 bono
1329 1472 1372 1505 et
1393 1465 1558 1519 copiose
1580 1465 1767 1505 litterato

371 1533 440 1573 cui
463 1547 617 1573 nomen
638 1531 888 1580 Mauricius,
912 1532 986 1585 qui
1008 1537 1050 1571 et
1070 1531 1199 1572 frater
1219 1532 1304 1572 fuit
1322 1533 1569 1573 venerabilis
1600 1532 1764 1572 abbatis

370 1600 421 1640 de
441 1599 557 1640 Neth
581 1598 826 1647 Clementis,
848 1598 1045 1652 apparuit
1064 1598 1107 1637 in
1129 1599 1221 1638 visu
1251 1614 1430 1652 persona
1455 1599 1602 1640 militis
1623 1601 1763 1654 cujus-

369 1667 463 1707 dam
496 1667 546 1707 de
580 1666 771 1720 partibus
793 1665 996 1720 ejusdem,
1027 1665 1153 1720 longe
1179 1672 1276 1706 ante
1310 1667 1513 1716 defuncti,
1538 1668 1612 1721 qui
1647 1674 1689 1707 et
1721 1668 1763 1706 in

369 1733 614 1788 hujusmodi
626 1733 752 1773 verba
764 1732 979 1786 prorupit:
1001 1735 1026 1754 “
1038 1732 1245 1786 Magister
1258 1733 1453 1783 Maurici,
1469 1749 1636 1775 versum
1649 1735 1763 1774 hunc

369 1800 503 1849 finias,
525 1801 726 1840 Destruet
746 1800 818 1839 hoc
839 1814 1006 1852 reynum
1025 1801 1122 1840 Rem
1142 1801 1470 1855 Reyum”——Cui
1490 1802 1560 1842 ille
1591 1817 1764 1856 respon-

371 1869 479 1908 disse
506 1869 563 1909 sic
584 1869 808 1909 videbatur
826 1884 834 1909 :
860 1871 887 1889 “
908 1867 1043 1908 Immo
1065 1876 1108 1909 et
1140 1876 1202 1919 tu,
1226 1870 1301 1923 qui
1322 1885 1487 1911 versum
1507 1870 1595 1911 fere
1625 1871 1765 1925 perfe-

370 1936 477 1985 cisti,
500 1936 627 1975 finem
648 1935 873 1990 apponas.”
934 1934 1063 1976 Miles
1083 1936 1194 1976 enim
1214 1937 1286 1976 ille
1314 1937 1527 1977 litteratus
1548 1938 1700 1986 fuerat,
1723 1944 1766 1977 et

372 2003 473 2043 dum
493 2002 603 2043 vixit
623 2002 784 2043 solebat
805 2003 961 2056 saepius
992 2003 1163 2043 alternis
1184 2004 1387 2053 versibus,
1411 2012 1454 2045 et
1475 2020 1587 2045 nunc
1617 2005 1767 2059 incipi-

372 2070 480 2109 endo
510 2083 623 2108 nunc
654 2069 855 2117 finiendo,
888 2069 1029 2109 sociali
1063 2070 1241 2123 quadam
1276 2072 1532 2112 recreatione
1564 2079 1765 2125 tanquam

372 2135 637 2183 colludendo,
671 2135 874 2175 conferre.
939 2135 1033 2175 Hoc
1063 2143 1203 2176 autem
1236 2137 1363 2186 dicto,
1393 2138 1514 2178 miles
1551 2139 1759 2193 subjecit:

372 2205 400 2224 “
416 2202 631 2244 Quoniam
650 2202 780 2242 hebes
812 2217 856 2242 es
876 2202 972 2255 plus
994 2202 1116 2242 solito
1147 2203 1349 2257 senioque
1371 2205 1600 2254 confectus,
1623 2220 1765 2245 versus

376 2269 436 2308 sic
456 2268 629 2308 finiatur
650 2275 693 2309 et
713 2269 958 2322 perficiatur
981 2285 989 2309 :
1709 2295 1729 2313 .

560 2355 753 2389 “Destruet
770 2356 833 2389 hoc
851 2367 990 2400 regnum
1011 2357 1085 2389 Rex
1104 2357 1236 2402 Regum
1256 2358 1389 2403 duplice
1407 2360 1541 2404 plaga.”

433 2451 519 2493 Sed
539 2467 633 2492 ecce
653 2467 780 2505 quam
800 2452 906 2492 mira
925 2466 998 2505 per
1016 2452 1219 2493 visionem
1236 2454 1358 2494 istam
1374 2454 1528 2495 factam
1549 2457 1767 2510 sequentis

376 2529 550 2559 eventus
586 2518 827 2572 praenuntia
866 2518 962 2558 fuit.
1026 2519 1160 2559 Parvo
1180 2535 1363 2574 namque
1394 2528 1538 2562 secuto
1562 2529 1764 2577 tempore,

374 2585 646 2625 interdictum
678 2592 763 2624 tam
794 2585 988 2638 generale
1021 2592 1063 2625 et
1098 2595 1182 2626 tam
1214 2588 1387 2628 exitiale
1419 2596 1556 2629 totum
1593 2590 1765 2644 Angliae

378 2666 556 2705 regnum
588 2651 908 2705 incomparabili
938 2667 1119 2693 moerore
1160 2655 1436 2706 contristavit,
1469 2656 1766 2712 duplicemque

379 2717 683 2772 persecutionis
740 2717 919 2772 plagam,
962 2724 1047 2758 tam
1094 2719 1332 2761 divinorum
1372 2738 1427 2763 sc.
1469 2724 1767 2765 subtractionis

380 2801 507 2840 quam
532 2786 739 2827 bonorum
770 2785 815 2825 in
845 2786 956 2826 clero
987 2788 1261 2841 spoliationis,
1292 2790 1481 2832 incussit.
1544 2792 1693 2834 Potuit
1724 2800 1767 2833 et
