1908 3135
498 255 559 284 DE
595 254 944 288 INSTRUCTIONE
982 258 1262 291 PRINCIPUM.
1521 256 1534 292 l
1548 257 1570 293 ἔ)

772 480 877 521 CAP.
902 481 982 521 IV.

177 583 246 622 De
292 588 384 622 rota
411 584 594 635 fortuna>
626 585 757 638 ipsius
802 585 851 625 de
894 591 1035 626 eoetero
1075 602 1231 641 semper
1276 589 1492 640 inclinata,
1533 598 1570 630 et

279 651 478 704 perfilios
499 651 629 705 ipsum
650 652 890 704 irgfestantes
910 668 1065 708 semper
1083 655 1123 693 in
1138 669 1323 710 prceceps
1341 657 1456 698 (lala.

233 792 304 833 AB
335 793 464 847 hujus
501 800 643 834 autem
679 800 765 834 tam
804 794 1039 835 detestandi
1074 796 1254 845 sceleris,
1288 803 1458 851 tamque
1498 812 1569 837 ne-

174 860 333 915 phandi
373 861 570 901 facinoris
600 877 707 902 ausu
742 862 958 916 sacrilego,
995 863 1126 917 coepit
1161 863 1229 904 ei1
1262 871 1354 904 rota
1385 866 1567 905 fortuuae

173 928 372 968 volubilis
405 929 520 968 ocius
555 929 607 969 ad
639 929 723 969 ima
748 929 924 979 devolvi,
957 929 1166 983 solitoque
1198 932 1366 985 segnius
1398 933 1449 972 ad
1487 933 1569 973 alta

170 995 313 1036 levari.
376 994 520 1049 Coepit
558 1010 645 1036 sors
680 996 795 1050 regia
833 996 1036 1051 paulatim
1076 999 1310 1047 attenuari3
1357 999 1489 1053 coepit
1529 1006 1571 1040 et

174 1063 377 1116 regnandi
390 1063 520 1103 robur
542 1064 592 1104 de
607 1064 673 1104 die
694 1064 738 1104 in
753 1064 864 1104 diem
881 1064 1081 1104 enervari.
1124 1064 1394 1119 Quamquam
1413 1067 1568 1106 etenim

173 1138 270 1184 post
297 1130 544 1171 afflictiones
565 1146 711 1185 graves
740 1138 783 1178 et
813 1131 1108 1185 desperabile‘S,
1131 1131 1270 1171 divina
1299 1133 1570 1186 permissione

173 1198 333 1251 pariter
370 1204 413 1238 et
453 1198 718 1252 probatione,
757 1198 971 1238 interdum
1010 1213 1227 1252 resurgere
1264 1205 1307 1238 et
1345 1199 1571 1240 virtuosius

174 1264 420 1318 ampliorem
441 1265 494 1304 ad
513 1265 689 1318 gloriam
711 1265 985 1305 coascendere
1006 1265 1232 1314 videretur,
1249 1280 1411 1318 semper
1433 1273 1571 1306 tamen

175 1334 273 1375 filiis
288 1336 378 1389 jam
399 1334 554 1375 adultis
575 1334 619 1374 in
640 1333 781 1387 ipsum
801 1333 1046 1387 frequenter
1076 1331 1406 1385 insurgentibus,
1430 1333 1571 1372 corda-

175 1416 259 1455 que
279 1416 502 1456 procerum
532 1401 613 1442 sibi
645 1401 836 1455 quotidie
868 1400 1001 1454 magis
1029 1415 1074 1440 ac
1109 1399 1241 1454 magis
1273 1399 1572 1458 allicientibus,

175 1469 220 1508 in
253 1469 371 1509 nullo
411 1469 554 1524 potuit
588 1468 805 1510 felicitatis
840 1475 966 1517 statu,
996 1467 1115 1507 nullo
1150 1467 1386 1508 securitatis
1417 1467 1571 1521 gaudio

174 1551 432 1590 permanere.
512 1537 680 1577 Exacto
720 1550 872 1589 nempe
908 1541 1002 1589 post
1043 1534 1341 1588 triumphalem
1376 1534 1571 1588 martyris

174 1604 308 1644 nostri
336 1604 518 1658 palmam
551 1604 672 1658 quasi
691 1603 897 1652 biennio,2
919 1601 1131 1642 Henricus
1167 1603 1355 1657 ejusdem
1389 1603 1501 1642 filius
1529 1611 1572 1643 et

176 1672 418 1713 extantium
444 1672 686 1726 primaevus,
709 1671 884 1725 quique,
916 1671 1008 1724 ipso
1035 1676 1302 1723 procurante,
1331 1669 1421 1723 jam
1451 1670 1570 1723 regni

172 1738 314 1780 fuerat
352 1753 547 1779 coronam
593 1739 784 1792 adeptuS‚
827 1737 879 1777 ad
917 1750 1108 1777 socerum
1145 1751 1269 1777 suum
1314 1738 1569 1777 Francorum

176 1806 341 1860 Regem
362 1806 629 1847 Ludovicum
662 1820 757 1845 cum
794 1805 960 1844 duobus
994 1803 1195 1843 fratribus
1228 1803 1325 1852 suis,
1351 1804 1569 1844 Pictavcn-

175 1873 316 1914 sium³
337 1889 391 1914 sc.
417 1881 459 1914 et
494 1873 753 1913 Britonum4
784 1871 1021 1920 comitibus,
1047 1885 1071 1910 a
1104 1877 1222 1924 patre
1256 1877 1298 1910 ct
1330 1871 1372 1910 in
1407 1878 1568 1924 patrem

173 1941 313 1995 palam
348 1940 550 1989 discessit,
583 1954 775 1994 proceres
814 1938 970 1978 multos
1006 1944 1048 1978 et
1083 1952 1256 1991 magnos
1298 1945 1382 1977 tam
1419 1937 1569 1990 Angli-

173 2023 298 2048 canos
338 2022 465 2062 quam
505 2006 801 2047 transmarinos
832 2005 1054 2059 complices
1082 2004 1241 2045 habens
1291 2012 1334 2045 et
1370 2005 1567 2044 fautores,

175 2075 227 2115 In
249 2090 333 2130 quo
361 2075 562 2115 conflictu
592 2090 615 2115 a
632 2073 874 2114 necessariis
894 2073 982 2113 fere
1014 2073 1203 2112 desertus
1233 2072 1442 2121 omnibus,
1466 2073 1568 2111 adeo

171 2143 437 2198 desperabili,
468 2143 569 2183 Rex
589 2141 717 2195 affligi
738 2141 884 2195 coepit,
906 2146 955 2180 ut
989 2155 1065 2180 nec
1095 2140 1148 2180 ab
1179 2139 1270 2194 ipso
1299 2154 1374 2179 nec
1405 2139 1456 2179 ab
1488 2139 1569 2178 alio

171 2211 259 2251 ulla
292 2210 539 2264 resurgendi
571 2209 704 2263 gratia
737 2214 986 2263 speraretur.
1066 2207 1214 2249 Quum
1253 2206 1465 2246 enimvero
1505 2206 1568 2245 in-

171 2278 286 2319 imici
324 2277 505 2317 hominis
545 2276 764 2317 domestici
813 2276 917 2329 ejus,
959 2281 1002 2314 et
1049 2274 1159 2314 inter
1197 2280 1348 2327 pestes,
1389 2273 1566 2326 pessima

171 2345 387 2385 familiaris
408 2359 572 2398 semper
592 2342 826 2390 inimicitia,
847 2342 926 2381 hoc
957 2341 995 2380 ei
1026 2341 1078 2380 ad
1112 2340 1327 2380 cumulum
1349 2339 1502 2378 doloris
1524 2347 1565 2378 et

175 2411 477 2467 desperationis
514 2410 711 2459 accessit;
752 2415 795 2449 et
832 2408 895 2448 illi
933 2423 1103 2462 quoque
1146 2422 1250 2461 quos
1286 2405 1563 2446 cubicularios

172 2480 253 2521 sibi
273 2480 427 2521 milites
450 2478 647 2532 elegerat,
670 2477 713 2516 in
746 2490 926 2530 quorum
958 2474 1151 2515 manibus
1172 2480 1349 2514 mortem
1373 2473 1564 2513 similiter

221 2602 324 2635 ¹F0r
362 2613 381 2634 a
426 2600 561 2645 general
602 2598 756 2631 estimato
804 2595 840 2629 of
906 2595 962 2628 the
996 2593 1237 2637 Nem-ologium
1272 2594 1309 2627 of
1339 2593 1563 2636 Fontewaml,

174 2649 322 2693 Henry's
354 2647 537 2686 character,
567 2645 625 2677 the
659 2643 774 2677 reader
808 2643 835 2675 is
906 2640 1029 2686 quoted
1049 2640 1092 2684 by
1111 2640 1277 2684 Bouqnet,
1297 2640 1341 2673 ib.

172 2694 318 2728 referred
343 2699 377 2727 to
403 2693 460 2725 the
485 2691 601 2726 Abbot
626 2690 664 2723 of
689 2690 835 2733 Cogg'cs-
953 2687 965 2705 2
991 2698 1059 2719 ΛΑ).
1081 2686 1181 2719 1173.
1280 2686 1294 2706 ³
1320 2685 1538 2719 Riehardnm.

171 2740 259 2783 hale,
274 2752 306 2785 p.
321 2742 364 2774 62
380 2752 387 2781 ;
413 2738 479 2771 and
496 2743 530 2771 to
548 2749 590 2771 an
607 2742 737 2769 extract
749 2736 834 2768 froin
953 2733 964 2751 ⁴
991 2732 1204 2765 Ganfridnni.

1316 2800 1332 2820 c
1360 2791 1379 2820 2

1588 811 1625 835 Of
1635 812 1680 836 tho
1693 813 1754 836 mis-

1586 844 1706 869 sottum-2·-

1587 878 1782 903 whiehnttond-

1587 910 1619 934 ed
1633 912 1673 936 his
1687 912 1764 936 latter

1586 951 1669 977 years.
1684 945 1736 969 and

1587 978 1757 1010 particularly

1587 1012 1616 1035 of
1627 1012 1671 1035 the
1685 1011 1773 1035 undu-

1585 1044 1646 1069 tiful
1660 1045 1775 1070 conduct

1587 1078 1616 1102 of
1627 1078 1668 1102 his
1682 1086 1753 1103 son«.
