1908 3135
489 227 551 258 DE
586 224 935 258 INSTRUCTIONE
971 223 1254 254 PRINCIPUM.
1515 213 1570 251 93

769 435 874 477 CAP.
899 434 987 476 III.

173 552 240 591 De
287 557 399 592 terra
443 553 608 592 interim
645 552 979 592 Ierosoh'mitana
1024 565 1050 591 α
1089 550 1264 590 Parthis
1309 555 1348 589 et
1383 549 1568 602 Payanis

265 619 453 672 yraviter
472 620 726 673 impzcfflzata,
749 625 788 658 et
797 619 893 671 fere
903 619 997 672 jam
1018 618 1203 658 totaliter
1222 621 1472 670 expuynata.

230 734 476 776 VOLVITUR
505 734 667 775 interea
698 734 902 774 Fortunae
933 740 1038 782 rota,
1061 740 1104 773 et
1132 732 1177 772 in
1202 731 1427 772 Palestinis
1455 731 1570 771 Iero-
1585 763 1784 789 ‚mmmmm

172 802 334 843 solimae
355 802 560 856 partibus,
579 801 756 841 malleus
776 800 846 841 ille
865 800 1055 840 fidelium
1075 798 1410 853 praenominatus
1427 799 1568 838 videns
1584 796 1741 822 “⁶³¹³th

175 869 288 923 quia,
307 884 438 909 vacuo
469 868 712 908 Patriarcha
741 883 921 917 reverso,
954 867 1061 907 nihil
1095 881 1265 921 prorsus
1294 865 1444 906 auxilii
1475 872 1570 918 post

174 944 334 977 tantam
357 943 400 976 et
420 943 503 976 tam
527 935 761 975 terribilem
779 935 1019 989 Anglorum
1042 934 1173 988 Regis
1195 933 1570 987 exspectationem,

175 1018 269 1057 spes
289 1003 484 1044 fraudata
504 1010 848 1056 consequeretur,
870 1002 1046 1042 vindicis
1073 1001 1202 1041 animi
1224 1000 1326 1040 vitio
1348 1014 1573 1040 succensus

175 1071 229 1110 ad
251 1070 464 1120 talionem,
487 1069 695 1123 congestis
716 1070 760 1109 in
780 1068 895 1109 brevi
918 1069 1077 1109 viribus
1098 1067 1311 1116 inmensis,
1334 1075 1376 1107 et
1396 1074 1576 1106 armato-

116 1145 120 1148 '
177 1146 268 1178 tum
309 1138 453 1178 cuneis
493 1137 681 1190 undique
722 1135 938 1185 consertis,
975 1135 1173 1189 superbia
1211 1135 1363 1189 plenus
1403 1140 1446 1173 et
1486 1148 1577 1173 suc-

176 1204 376 1253 cessibus,
418 1211 572 1244 terram
612 1218 767 1243 sacram
807 1203 916 1243 circa
960 1202 1160 1242 kalendas
1200 1201 1389 1255 Augusti
1426 1200 1578 1240 freme-

177 1271 347 1312 bundus
379 1270 683 1324 agg1·editur;¹
726 1269 800 1309 ubi
837 1277 880 1309 et
912 1269 955 1308 in
993 1268 1165 1322 publico
1198 1268 1299 1308 belli
1336 1267 1576 1316 certamine,

179 1338 346 1379 occulto
398 1337 480 1378 Dei
519 1337 697 1392 judicio,
742 1337 815 1376 sed
864 1351 1082 1390 nunquam
1129 1336 1302 1390 injusto,
1338 1341 1579 1374 nostrorum

179 1406 451 1460 paucitatem,
491 1405 675 1459 peccatis
726 1404 977 1457 urgentibus
1018 1402 1252 1443 discordem
1304 1401 1355 1441 ab
1400 1400 1579 1441 invicem

179 1481 222 1514 et
252 1474 528 1522 diffidentem,
562 1471 772 1512 unanimis
803 1472 1079 1511 barbarorum
1110 1469 1341 1510 multitudo
1372 1468 1578 1509 conclusit

179 1548 223 1581 et
240 1540 435 1581 confecit.
481 1539 615 1581 Filius
630 1539 789 1593 quippe
812 1537 1061 1592 perditionis
1077 1537 1163 1585 ille,
1183 1544 1226 1577 et
1240 1535 1579 1589 delinquentium

179 1608 407 1648 enormiter
441 1607 486 1647 in
518 1614 629 1647 terra
664 1620 778 1646 sacra
811 1604 1067 1659 populorum
1093 1603 1274 1656 desuper
1306 1602 1419 1642 ultor
1442 1602 1577 1651 datus,

179 1674 366 1716 biennali
398 1674 534 1728 spatio
566 1688 651 1713 non
681 1679 912 1713 cessaverat
943 1671 1144 1725 praemiis,
1176 1670 1371 1724 precibus
1407 1678 1450 1710 et
1484 1685 1579 1724 pro-

178 1742 328 1791 missis,
359 1741 447 1782 fere
496 1740 718 1781 nationum
761 1739 973 1793 principes
1012 1738 1230 1778 universos
1266 1744 1311 1777 et
1355 1737 1579 1778 bellatores

178 1823 456 1864 quoscunque
496 1822 571 1862 per
604 1806 750 1847 Asiam
787 1821 860 1846 seu
889 1805 1049 1846 Africae
1083 1804 1216 1844 totius
1255 1804 1579 1858 amplitudinem

178 1883 365 1925 noverat,
406 1875 472 1916 vel
512 1888 694 1929 quorum
734 1873 860 1914 etiam
902 1871 1054 1911 famam
1094 1871 1296 1919 audierat,
1338 1885 1577 1912 convocare.

180 1944 266 1985 Sed
285 1950 382 1984 ante
405 1942 576 1997 quidem
598 1946 854 1994 assumptam
877 1937 1133 1978 Patriarchae
1162 1937 1430 1991 legationem,
1453 1953 1579 1992 prop-

179 2021 243 2052 ter
279 2009 525 2051 domesticas
557 2015 601 2048 et
634 2007 855 2048 intestinas
889 2012 1128 2045 nostrorum
1161 2004 1400 2055 discordias,
1424 2020 1576 2059 oppor-

178 2077 362 2118 tunitate
402 2082 569 2130 captata
615 2074 667 2114 ad
717 2072 1084 2127 expugnandu1n,2
1123 2079 1219 2125 post
1258 2079 1401 2112 autem
1449 2073 1573 2126 longe

179 2144 465 2186 abundantius
486 2143 585 2183 totis
606 2141 767 2182 viribus
797 2141 849 2181 ad
880 2138 1160 2180 resistendum
1183 2145 1226 2178 et
1254 2138 1543 2179 rebellandum
1562 2157 1571 2189 3

179 2220 275 2268 post
296 2226 474 2253 vacuum
495 2225 592 2250 vero
616 2208 872 2249 Patriarchae
902 2220 1133 2254 recursum,
1156 2206 1243 2258 jam
1274 2205 1398 2259 longe
1419 2206 1572 2246 fiducia

226 2345 236 2365 ¹
263 2355 331 2378 ΑΛ).
352 2343 451 2376 1187.
907 2339 982 2372 who
1000 2350 1085 2371 were
1103 2336 1279 2381 unworthy
1297 2342 1437 2369 masters
1456 2336 1493 2368 of
1516 2335 1572 2368 the

910 2384 1001 2428 Holy
1020 2382 1127 2416 Land.

225 2436 236 2453 ²
261 2434 401 2479 Geoffry
419 2434 459 2466 de
479 2432 656 2473 Vinesauf,
674 2432 707 2464 in
722 2431 774 2464 his
791 2432 840 2463 in·
955 2430 1013 2462 No
1030 2428 1125 2461 other
1142 2428 1293 2460 instance
1318 2426 1420 2460 neerls
1438 2427 1479 2459 be
1498 2438 1571 2471 pro-

178 2481 369 2515 troduction
395 2487 430 2513 to
456 2479 513 2512 the
541 2478 753 2511 Itinerariun]
783 2477 840 2509 Ri¹<
909 2475 1016 2508 (luced
1043 2474 1122 2507 than
1148 2473 1219 2506 that
1250 2473 1287 2506 of
1311 2473 1488 2505 Heraclius
1514 2472 1570 2505 the

178 2527 303 2569 ohardi,
318 2526 439 2572 speaks
453 2537 531 2569 very
547 2524 696 2569 strongly
711 2523 840 2567 against
910 2520 1091 2562 Patriareh,
1120 2519 1194 2552 who
1237 2520 1263 2552 is
1303 2518 1495 2551 mentioned
1538 2519 1569 2551 in

178 2573 234 2606 the
264 2574 354 2606 vices
387 2571 451 2604 and
482 2571 690 2614 corruptions
719 2569 756 2601 of
785 2569 841 2602 the
910 2567 1040 2600 various
1058 2573 1146 2611 parts
1166 2566 1203 2598 of
1215 2565 1283 2598 this
1302 2564 1482 2607 work‚an‹l
1498 2564 1571 2597 who

180 2619 368 2653 Christians
398 2618 431 2651 in
451 2617 632 2650 palestine.
684 2615 738 2648 He
762 2615 841 2647 does
908 2612 1069 2657 poisoned
1100 2612 1152 2645 his
1182 2618 1350 2656 opponent
1378 2610 1434 2644 the
1465 2610 1571 2643 Arch-

178 2672 237 2698 not
265 2665 409 2698 hesitate
437 2670 470 2696 to
498 2662 604 2707 prefer
630 2661 686 2694 the
713 2660 841 2703 infidel,
908 2659 1029 2703 bishop
1046 2658 1084 2691 of
1099 2658 1199 2702 Tyrc.

179 2711 259 2744 with
285 2711 338 2744 his
357 2709 506 2743 violence
531 2708 596 2741 and
621 2708 708 2751 fury,
727 2714 760 2739 to
786 2707 842 2739 the
958 2704 1055 2738 Will.
1086 2704 1123 2737 of
1161 2703 1261 2747 Tyre,
1295 2703 1329 2736 in
1368 2702 1572 2743 Martcnnc3

179 2763 312 2802 corrupt
339 2755 404 2790 and
430 2753 626 2789 ‹lebauchcd
646 2752 843 2793 Christians,
912 2752 1013 2795 Amp.
1034 2749 1120 2785 Coll.
1139 2761 1169 2782 v.
1188 2752 1267 2783 605.
