1908 3135
484 206 547 237 DE
582 205 934 238 INSTRUCTIONE
970 205 1257 237 PRINCIPUM.
1491 199 1507 235 l
1522 198 1570 237 19

751 371 857 413 CAP.
892 371 997 413 XV.

168 472 236 511 De
271 471 528 525 Imperatore
560 472 781 512 Frederieo
813 472 946 511 crucis
978 472 1180 524 neqotizcm
1214 476 1253 511 et
1287 475 1420 509 votam
1446 484 1568 523 pere-

221 541 472 592 yrinatiom's
503 545 752 593 assumptam
794 538 971 578 viriliter
1004 539 1168 578 interim
1202 543 1241 577 et
1281 539 1568 577 incunctante}-

226 621 426 660 ayyresso.

222 706 427 746 INTERIM
448 713 591 746 autem
613 707 832 747 Romanus
855 705 1090 760 Imperator
1113 703 1375 752 FredericuS,
1397 718 1564 757 praepa·
1580 722 1638 746 The
1653 723 1753 755 Empe-

166 773 266 812 ratis
287 773 454 826 egregie
475 780 594 813 tanto
623 773 837 827 aggressui
869 771 1126 822 necessariis,
1159 771 1211 811 ad
1231 770 1387 811 festum
1420 769 1563 810 Sancti
1579 762 1623 844 ἓξ
1633 758 1771 845 {2⁵15ssin

1605 828 1667 845 an.
1712 823 1782 846 'ira-

167 839 380 893 Gregorii,
413 839 521 880 sicut
557 839 695 894 primo
740 847 959 889 statuerat,
992 854 1088 880 cum
1126 838 1273 879 multis
1306 845 1561 878 armatorum
1580 853 1747 910 di¹3⁰⁰mith

1580 894 1596 918 p
1610 894 1694 911 amso
1750 895 1764 912 e

164 906 353 947 millibus
393 906 475 947 iter
510 907 805 947 incunctanter
845 906 1058 961 arripuit.¹
1139 905 1224 945 Sed
1263 904 1426 944 utinam
1467 919 1561 944 cum
1579 919 1753 976 pmanqqsed

1591 960 1620 976 or
1633 960 1744 984 gaunng

164 973 306 1014 favore
345 973 513 1028 plebeio
552 974 834 1028 popularique
874 973 1041 1027 plausu,
1080 987 1176 1012 cum
1211 972 1289 1012 viae
1325 971 1563 1012 substantia
1580 985 1713 1016 moncyin
1755 1017 1759 1021 Ι

158 1041 275 1095 juste
307 1041 488 1095 quaesita
517 1056 602 1081 non
635 1048 815 1090 extorta,
837 1041 953 1094 larga
982 1039 1233 1093 liberalique
1264 1054 1392 1079 manu
1415 1046 1458 1079 et
1477 1054 1562 1078 non
1579 1017 1775 1076 {pff-expet.

121 1125 126 1128 ·
163 1115 389 1158 contracta,
425 1124 532 1163 pura
572 1116 615 1149 et
649 1109 818 1149 elimata
857 1124 933 1163 per
972 1108 1252 1162 penitentiam
1293 1107 1561 1156 conscientia,

162 1190 332 1229 prorsus
362 1176 520 1216 invidia
551 1183 719 1216 carente
748 1183 792 1216 et
824 1175 1076 1229 arrogantia,
1109 1175 1322 1229 principes
1356 1175 1489 1214 nostri
1520 1174 1563 1214 in

162 1243 290 1297 hujus
307 1243 592 1296 expeditionis
608 1257 807 1296 aggressu
826 1242 1036 1296 proficisci
1053 1242 1318 1281 meruissent.
1381 1241 1419 1281 O
1437 1256 1565 1295 quam

161 1309 329 1350 mallem
359 1310 424 1349 his
455 1310 676 1350 comitatos
701 1324 797 1349 cum
828 1308 1116 1364 paucioribus,
1147 1308 1329 1361 Deoque
1361 1308 1565 1361 placenti-

160 1377 240 1416 bus
269 1376 382 1426 viris,
408 1376 524 1430 [iter]
554 1377 812 1417 laboriosum
843 1376 1084 1430 arripuisse,
1109 1390 1250 1429 quam,
1279 1375 1344 1414 his
1377 1374 1480 1423 sine,
1514 1375 1565 1414 de

162 1443 307 1484 multis
348 1451 391 1483 et
426 1444 641 1484 immensis
676 1443 871 1498 pecuniae
912 1443 1136 1492 thesauris,
1174 1442 1248 1482 sed
1279 1441 1565 1495 undecunque

162 1511 382 1564 congestis,
402 1511 452 1550 de
468 1511 744 1552 multitudine
761 1511 953 1564 gentium
972 1510 1153 1558 infinita,
1172 1509 1245 1550 sed
1258 1524 1343 1549 non
1363 1509 1565 1557 unanimi,

160 1592 247 1618 non
277 1578 487 1628 concordi,
520 1578 599 1619 hoc
630 1579 675 1618 in
711 1593 843 1631 agone
877 1577 1112 1631 superbire.
1173 1575 1344 1616 Veteris
1379 1590 1565 1628 namque

163 1646 424 1686 Testamenti
454 1660 652 1700 percurre
674 1644 839 1694 seriem,
861 1644 1057 1685 citeriora
1081 1658 1253 1698 quoque
1274 1643 1434 1696 respice
1456 1649 1564 1682 tem—

161 1728 277 1767 pora,
310 1720 354 1753 et
387 1713 601 1767 praecipue
636 1713 822 1767 partium
857 1711 1025 1751 illarum
1058 1711 1269 1764 exempla,
1302 1724 1467 1763 semper
1498 1710 1565 1749 in-

159 1780 299 1820 venies
334 1794 420 1820 non
445 1780 630 1820 virorum
662 1787 705 1820 et
725 1779 892 1827 virium,
926 1778 999 1819 sed
1035 1777 1179 1831 potius
1199 1777 1410 1817 virtutum
1441 1776 1564 1830 copia

159 1847 385 1900 divinaque
432 1847 564 1900 magis
603 1846 738 1900 gratia
781 1861 908 1900 quam
957 1845 1144 1885 humana
1181 1843 1375 1898 potentia
1413 1843 1564 1883 trium-

159 1915 352 1969 phatum,
432 1914 546 1956 Nam
586 1921 635 1954 ut
674 1914 733 1954 ait
774 1914 961 1954 Seneca:
1015 1911 1162 1952 “Non
1194 1910 1451 1965 populorum
1484 1925 1564 1950 nu-

159 1997 314 2030 meruS,
344 1982 416 2022 sed
448 1996 680 2036 paucorum
710 1981 859 2030 virtus,
885 1994 1073 2034 pugnam
1101 1977 1309 2018 conficit.”
1369 1977 1430 2018 Et
1460 1977 1561 2017 alibi

160 2064 347 2103 quoque,
383 2049 602 2103 Scriptura
634 2055 829 2097 testante,
869 2051 895 2069 ‘⁶
915 2047 1106 2101 Populus
1145 2045 1463 2100 quantumlibet
1498 2059 1562 2084 ar-

158 2123 297 2157 matus
318 2116 408 2156 sine
430 2116 525 2156 Deo
545 2115 719 2156 inermis
741 2115 844 2156 est.”

216 2182 439 2223 Praedictis
470 2183 616 2236 itaque
640 2189 824 2236 quatuor
855 2181 1095 2229 comitatus,
1118 2186 1168 2220 ut
1188 2179 1453 2226 credebatur,
1477 2177 1562 2218 Im-

154 2257 324 2303 perator
345 2249 607 2298 Frederieus,
632 2264 889 2302 quamquam
914 2247 1226 2301 Cisalpinorum
1253 2245 1495 2298 principum
1516 2245 1560 2284 in

155 2316 360 2369 signaculi
391 2315 658 2369 susceptione
694 2323 945 2369 postremus,
976 2315 1020 2354 in
1057 2312 1196 2366 operis
1229 2319 1371 2351 tamen
1406 2325 1561 2350 execu-

155 2383 270 2423 tione
301 2383 504 2423 laudabili
544 2382 827 2422 maturatione
870 2396 912 2420 se
952 2380 1136 2434 primum
1177 2377 1393 2418 exhibuit.
1467 2376 1557 2418 Qui

157 2456 277 2490 tanto
313 2449 591 2490 cumulatiore
628 2456 714 2489 tam
755 2448 799 2488 in
839 2447 954 2487 caelis
992 2446 1145 2501 palma,
1184 2459 1311 2497 quam
1352 2444 1395 2483 in
1436 2443 1557 2483 terris

153 2517 288 2570 gloria
326 2532 368 2557 se
407 2516 555 2570 procul
596 2515 727 2556 dubio
759 2514 936 2568 dignum
976 2512 1175 2561 reddidit,
1219 2517 1379 2564 quanto
1418 2509 1558 2563 regnis

153 2584 431 2638 amplioribus
461 2584 675 2637 rebusque
706 2581 878 2631 relictis,
904 2581 1097 2634 tantique
1127 2578 1293 2633 imperii
1316 2593 1415 2618 cura
1446 2585 1561 2631 post-

201 2698 212 2718 ¹
240 2698 323 2731 This
364 2710 504 2742 passage.
545 2709 663 2731 occurs
710 2696 821 2739 again.
895 2694 1059 2727 Hibernia
1099 2693 1259 2737 Expugn.
1294 2691 1348 2724 ch.
1384 2691 1490 2723 xxvii.
1529 2701 1560 2733 p.

154 2744 269 2788 nearly
301 2744 474 2787 verbatim,
508 2744 542 2776 in
581 2743 638 2775 the
672 2742 823 2783 treatise,
894 2743 974 2774 802.
