1908 3135
487 211 549 242 DE
584 211 936 244 INSTRUCTIONE
972 213 1254 246 PRINCIPUM.
1488 207 1568 246 113

167 308 281 362 pacis
300 310 548 363 patientiam
565 311 819 362 deseruerat,
844 313 1134 354 succumbere²
1159 312 1452 367 proculdubio,
1474 329 1570 367 pcc-

168 376 271 415 catis
288 377 413 417 etiam
435 379 700 432 urgentibus,
716 394 884 420 necesse
904 379 1046 420 fuerat
1066 386 1109 419 et
1125 379 1317 420 deficere.
1358 378 1480 419 Circa
1496 396 1570 420 ex-

170 449 304 483 trema
338 459 508 498 quoque
540 446 658 498 regni
688 446 752 485 sui
789 453 992 500 tempora,
1027 447 1209 486 duorum
1244 447 1438 487 ordinum
1471 447 1569 487 viris

168 511 468 563 praedictorum
482 512 534 551 ad
546 512 832 552 redimendam
846 513 999 553 famam
1019 528 1150 562 suam,
1169 514 1269 567 quia
1286 513 1432 554 multis
1444 521 1568 555 antea

168 576 339 631 indigne
362 579 611 628 contulerat,
633 580 729 633 plus
759 580 970 634 opinionis
997 596 1138 620 amore
1165 596 1290 634 quam
1317 581 1566 631 devotionis,

170 645 287 684 sedes
327 646 424 685 dare
465 647 723 687 cathedrales
775 648 1053 702 disposuerat.
1134 649 1293 689 Ascitis
1342 649 1474 702 igitur
1524 657 1567 689 et

167 711 378 765 adjunctis
415 714 466 753 ad
504 713 635 754 latera
674 729 747 754 sua
788 715 955 755 duobus
993 716 1091 765 illis,
1126 731 1232 769 quos
1271 723 1483 756 creaverat.
1522 723 1565 756 et

167 778 481 833 aliquantulum
522 796 546 820 a
576 781 727 831 turbis,
763 782 872 823 sicut
912 783 1040 823 moris
1080 783 1276 832 habebat,
1310 798 1353 823 se
1389 782 1565 823 transfe-

168 846 312 897 rendo,
336 863 391 888 ex
409 848 676 889 vehementia
697 849 850 889 doloris
873 856 916 890 et
936 850 1164 891 anxietatis
1183 850 1390 890 alienatus
1411 850 1564 899 animo,

167 913 211 952 in
264 915 405 969 turpia
458 915 703 970 hujusmodi
758 924 800 957 et
851 917 1095 971 apostatica,
1147 917 1420 957 audientibus
1467 917 1564 966 illis,

168 982 294 1022 verba
332 983 556 1037 prorupit:
603 983 737 1024 “Cur
775 984 914 1038 ergo,’'
954 984 1108 1038 inquit,
1146 984 1407 1024 “Christum
1443 999 1567 1025 vene-

168 1051 312 1089 rarer?
372 1050 459 1090 Cur
490 1050 610 1091 illum
643 1051 848 1091 honorare
880 1052 1087 1105 dignarer,
1121 1052 1195 1105 qui
1229 1051 1331 1092 mihi
1366 1052 1566 1092 honorem

118 1133 123 1136 ’
170 1117 214 1156 in
236 1117 357 1156 terris
379 1118 531 1167 aufert,
555 1124 598 1157 et
618 1133 693 1172 per
713 1119 952 1172 garcionem
975 1119 1197 1172 quemdam
1216 1118 1285 1171 (ad
1307 1119 1567 1159 Francorum

169 1183 213 1222 id
250 1183 415 1237 Regem
453 1184 655 1237 referens)
691 1200 758 1225 me
795 1185 999 1225 confundi
1035 1193 1121 1225 tam
1157 1186 1435 1238 ignominiose
1474 1201 1570 1239 per-

168 1250 364 1291 mittit!”
397 1258 439 1291 et
469 1257 632 1301 eetera;
666 1252 822 1305 quibus
853 1268 906 1292 ne
937 1253 1151 1292 memoriae
1174 1252 1386 1292 refricatio
1406 1253 1569 1292 facinus

169 1324 296 1371 atque
336 1317 638 1372 blasphemiam
678 1319 858 1372 posteris
896 1320 949 1359 ad
989 1326 1174 1360 mentem
1212 1327 1393 1368 revocet,
1427 1334 1572 1373 super-

168 1386 312 1425 sedere
344 1386 487 1439 potius
520 1401 646 1440 quam
682 1386 878 1440 paginam
909 1393 1097 1427 nostram
1129 1386 1446 1435 commaculare,
1481 1387 1572 1440 dig-

169 1467 272 1492 num
312 1453 528 1494 duximus.
610 1453 719 1493 Cum
768 1453 900 1507 igitur
948 1454 1041 1494 haec
1081 1460 1124 1494 et
1163 1453 1327 1502 similia,
1369 1460 1571 1508 tanquam

167 1521 376 1560 bonorum
410 1528 649 1561 nostrorum
684 1521 877 1574 indigens
906 1528 1015 1561 esset
1048 1521 1274 1569 Dominus,
1307 1521 1469 1561 diutius
1506 1521 1572 1561 in-

169 1588 435 1641 geminasset,
458 1587 755 1628 consolationis
783 1588 954 1628 omnino
973 1588 1101 1629 verba
1130 1603 1333 1642 respuens
1355 1595 1398 1628 et
1421 1589 1571 1628 confir-

169 1655 378 1704 mationis,
429 1655 592 1696 monito
642 1655 873 1695 calcaribus
931 1670 1056 1709 equo,
1106 1662 1308 1709 tanquam
1359 1662 1481 1695 extra
1527 1671 1570 1697 se

169 1723 321 1772 factus,
363 1723 416 1762 ad
454 1724 600 1763 turbas
638 1723 794 1763 iterum
844 1723 896 1762 ab
943 1723 1044 1777 ipsis
1085 1722 1201 1762 ocius
1251 1738 1292 1763 se
1341 1723 1569 1777 proripuit.

173 1790 315 1832 Quam
342 1789 466 1844 longe
488 1805 557 1830 cor
586 1790 770 1830 hominis
800 1790 929 1844 hujus
950 1804 974 1830 a
995 1790 1182 1830 Domino
1203 1789 1400 1839 distabat,
1423 1804 1570 1843 quam-

172 1872 256 1911 que
278 1857 418 1910 dispar
439 1864 482 1897 et
503 1856 704 1898 dissimile
735 1864 879 1897 sancto
900 1857 926 1897 J
930 1858 983 1897 ob
1013 1858 1058 1897 in
1088 1856 1443 1911 patientia,-—qui
1475 1865 1571 1911 post

172 1930 308 1964 tantas
343 1924 661 1979 persecutiones
701 1931 744 1965 et
776 1931 854 1974 tot,
891 1924 1194 1978 improperanti
1233 1924 1359 1964 uxori
1399 1938 1487 1964 suae
1527 1931 1571 1965 et

172 1991 344 2040 dicenti,
386 1991 533 2031 Adhuc
584 1993 628 2031 iu
678 1991 950 2045 simplicitate
991 1997 1063 2031 tua
1104 1991 1327 2044 persistis?
1384 1991 1570 2032 Benedic-

171 2061 347 2100 Domino
391 2066 430 2100 et
470 2063 658 2102 morere!
696 2060 927 2114 respondit,
974 2060 1190 2113 Tanquam
1226 2074 1309 2099 una
1344 2060 1393 2099 de
1431 2060 1570 2100 stultis

170 2127 407 2166 mulieribus
425 2127 560 2167 locuta
581 2142 634 2168 es.
711 2128 759 2168 Si
781 2128 883 2168 bona
903 2128 1151 2181 suscepimus
1171 2126 1220 2165 de
1240 2141 1363 2166 manu
1382 2127 1568 2176 Domini,

170 2194 281 2234 mala
299 2208 456 2248 quoque
476 2209 546 2234 cur
570 2209 647 2234 72072
668 2195 969 2234 sustineamus?
1029 2194 1090 2233 Et
1107 2194 1418 2246 subsequenter
1440 2194 1569 2248 scrip-

171 2268 264 2302 tum
300 2269 376 2310 est,
417 2261 473 2301 Iu
503 2262 569 2301 die
600 2263 786 2301 bonorum
818 2276 866 2300 ne
897 2263 1101 2301 immemor
1131 2261 1187 2299 sis
1217 2260 1427 2308 malorum,
1452 2266 1491 2299 et
1525 2261 1568 2300 in

172 2329 237 2368 die
267 2329 463 2368 malorum
492 2343 539 2368 ue
561 2329 765 2368 immemor
794 2329 850 2367 sis
881 2329 1081 2367 bonorum.
1142 2327 1195 2366 In
1231 2327 1408 2366 omnibus
1440 2327 1569 2379 iqitur

170 2397 234 2436 liis
252 2409 328 2435 uon
341 2397 535 2449 peccavit
549 2396 624 2435 Job
647 2395 767 2435 labiis
786 2396 883 2444 suis,
903 2409 973 2434 uec
995 2394 1161 2434 stultum
1184 2394 1405 2447 quidquam
1428 2400 1569 2433 eontra

172 2464 307 2503 Deum
329 2464 485 2503 loeutus
506 2469 577 2503 est.
640 2463 760 2504 Quin
782 2463 924 2511 immo,
947 2468 1042 2516 post
1064 2460 1257 2500 universa
1278 2460 1443 2513 flagella
1464 2461 1569 2500 illud

172 2537 302 2570 tantae
334 2530 432 2570 fidei
461 2531 635 2571 verbum
677 2529 830 2579 emisit,
864 2529 1047 2570 Etiamsi
1089 2527 1286 2567 occiderit
1325 2543 1398 2577 me,
1437 2534 1569 2567 tamen

171 2599 213 2637 in
234 2597 333 2652 Ipso
353 2598 534 2651 sperabo.
596 2597 723 2637 Unde
747 2596 1017 2650 Augustinus
1037 2611 1044 2635 :
1080 2598 1106 2617 “
1123 2594 1238 2636 Quia
1257 2603 1432 2649 propter
1452 2595 1570 2635 futu-

170 2679 265 2705 rum
286 2665 492 2714 seculum,
514 2671 556 2704 et
577 2679 659 2704 non
682 2679 882 2718 praesens,
899 2662 1128 2703 Christiani
1151 2677 1309 2710 summ,
1334 2662 1441 2711 Deo,
1466 2677 1570 2716 quo-

547 2747 554 2765 ¹
580 2746 634 2780 i.e.
653 2758 671 2780 a
689 2745 933 2780 consuetudine
947 2751 1146 2788 cessaverat,
1166 2744 1210 2778 ib.

1385 2815 1397 2841 I
