1908 3135
349 275 403 316 66
762 282 1002 314 GIRALDUS
1036 282 1334 314 oAMBRENSIs

348 384 463 425 enim
491 384 554 423 ira
583 382 699 423 illius
729 388 773 422 et
804 382 849 422 in
881 389 1070 437 tempore
1091 382 1291 422 vindictae
1325 381 1539 436 disperdet
1558 387 1615 422 te.
1677 381 1750 422 An

348 451 498 500 nescis,
521 450 711 504 inquam,
734 449 835 503 quia
865 448 955 489 dies
986 448 1163 489 Domini
1194 448 1304 489 sicut
1330 448 1399 489 fur
1419 448 1560 489 veniet
1589 448 1634 488 in
1665 463 1750 502 quo

350 518 526 572 recipiet
559 517 741 570 quisque
781 516 1014 556 secundum
1049 530 1177 569 opera
1212 517 1322 556 sua?
1382 515 1453 555 An
1488 515 1599 556 diem
1629 515 1751 556 illum

351 584 558 625 tremendi
594 582 761 638 judicii,
802 583 847 623 in
888 598 973 637 quo
1013 590 1196 623 trement
1236 590 1279 623 et
1317 582 1471 636 angeli,
1510 597 1606 622 cum
1654 588 1752 622 ante

352 649 542 693 tribunal
578 649 756 699 Judicis,
794 649 864 690 cui
901 649 1016 689 nuda
1054 656 1098 690 et
1135 656 1279 704 aperta
1314 656 1414 690 sunt
1454 649 1606 698 omnia,
1642 663 1753 703 prae-

354 716 585 758 sentaberis
614 715 659 755 in
688 716 780 756 haec
801 716 955 756 verba:
990 716 1142 757 “Ecce
1172 716 1298 757 homo
1321 723 1364 758 et
1396 731 1504 770 opus
1535 717 1625 770 ejus
1657 730 1753 755 cum

355 800 405 825 eo
420 783 461 824 !”
492 783 759 824 tremendum
780 797 865 822 non
880 783 1045 837 judicas
1066 790 1108 824 et
1127 783 1385 824 horrendum
1403 784 1419 823 2
1479 782 1551 823 An
1571 782 1752 837 ignoras,

353 851 421 892 vel
450 850 594 905 potius
625 855 775 890 notum
803 849 1052 899 dissimulas,
1083 850 1185 903 quia
1214 856 1410 904 potentes
1440 856 1638 904 potenter
1669 856 1754 889 tor-

354 924 498 958 menta
524 917 755 970 patientur,
787 923 830 957 et
861 917 976 969 quod
1010 917 1257 957 fortioribus
1285 917 1437 958 fortior
1469 923 1589 957 extat
1621 916 1754 956 cruci-

355 985 441 1025 atio
459 985 475 1023 ἲ
535 983 628 1023 Nec
642 983 753 1022 enim
771 982 992 1023 subtrahet
1011 997 1233 1037 personam
1247 984 1500 1037 cujusquam
1515 983 1725 1023 Dominus
1743 1000 1753 1032 3

357 1050 457 1104 quia
494 1064 579 1089 non
619 1048 847 1089 salvabitur
895 1048 995 1089 Rex
1044 1064 1120 1104 per
1169 1050 1365 1100 multum,
1415 1058 1458 1091 et
1505 1050 1621 1105 gigas
1670 1065 1755 1090 non

357 1117 585 1158 salvabitur
606 1116 649 1156 in
670 1115 945 1156 multitudine
966 1116 1135 1157 virtutis
1157 1132 1260 1158 suae.

875 1250 979 1291 CAP.
1015 1251 1248 1293 XXVIII.

365 1352 427 1391 De
447 1351 711 1391 Patriarehce
731 1351 895 1389 monitis
916 1355 955 1389 et
972 1351 1347 1391 comminationibus
1367 1354 1408 1392 in
1427 1353 1581 1405 Reqem
1602 1351 1760 1392 Heozrz‘-

582 1431 671 1457 cum
693 1417 812 1471 quasi
825 1417 1068 1471 prophetico
1089 1419 1241 1471 spiritu
1259 1424 1321 1458 ter
1333 1420 1543 1473 prolatis.¹

148 1532 289 1558 Heraclius
301 1539 341 1557 re·
418 1517 600 1559 VIDENS
627 1517 772 1571 itaque
796 1516 1041 1557 Patriarcha
1065 1517 1166 1570 quia
1197 1517 1304 1558 nihil
1336 1517 1582 1572 proficeret3
1615 1517 1760 1558 videns

146 1569 309 1624 iffisssttssssoes
361 1584 461 1639 quia
493 1599 633 1638 neque
661 1584 746 1624 mel
781 1584 832 1624 de
867 1590 1002 1638 petra,
1035 1598 1112 1624 nec
1145 1584 1286 1624 oleum
1319 1585 1372 1625 de
1404 1599 1508 1625 saxo
1537 1584 1760 1625 durissimo

147 1633 222 1663 king,
237 1639 311 1664 upon
405 1652 413 1659 .
1007 1651 1015 1658 .
1416 1652 1424 1659 .
1576 1651 1584 1659 .
1668 1652 1676 1659 .

147 1665 263 1696 leaving.
361 1652 512 1692 ehcere
552 1651 833 1705 praevaleret3
871 1651 964 1691 haec
1004 1665 1048 1691 1n
1088 1651 1254 1706 Regem
1303 1652 1447 1693 multis
1487 1652 1761 1692 aud1ent1bus

361 1718 680 1760 comminatorio
700 1717 858 1771 pariter
879 1725 922 1758 et
947 1718 1195 1772 prophetico
1217 1719 1371 1773 spiritu
1390 1720 1517 1760 verba
1538 1719 1761 1773 depromp—

362 1786 441 1827 sit:
506 1788 533 1807 “
554 1785 775 1825 Hactenus
827 1784 938 1825 inter
988 1785 1136 1825 mundi
1190 1786 1401 1840 principes
1443 1786 1761 1841 incomparabili

361 1854 510 1908 gratia,
533 1854 635 1894 Rex
664 1853 843 1906 gloriose
874 1853 1082 1907 regnasti3
1115 1860 1159 1894 et
1190 1860 1290 1895 tuus
1320 1869 1457 1908 usque
1487 1870 1599 1895 nunc
1630 1855 1763 1895 honor

362 1922 415 1963 ad
454 1921 583 1975 regiae
625 1920 886 1961 celsitudinis
926 1921 1088 1975 apicem
1131 1921 1264 1975 magis
1305 1937 1352 1962 ac
1394 1922 1526 1976 magis
1570 1921 1761 1962 accrevit.

365 1989 450 2029 Sed
489 1987 770 2042 proculdubio
812 1988 865 2027 ad
902 1988 1009 2028 hanc
1046 1988 1368 2042 experientiam,
1399 1989 1443 2029 in
1484 2003 1567 2042 qua
1607 1988 1763 2037 deficis,

364 2061 588 2104 reservato,
620 2060 663 2094 et
695 2055 748 2095 ob
790 2054 869 2094 hoc
905 2070 929 2094 a
964 2055 1152 2095 Domino
1186 2070 1313 2108 quem
1353 2056 1509 2096 deseris
1548 2055 1764 2103 derelicto,

366 2121 586 2176 gratiaque
617 2121 788 2174 penitus
810 2121 1030 2170 destituto,
1054 2122 1105 2161 de
1132 2129 1273 2162 cetero
1294 2122 1428 2176 gloria
1456 2123 1499 2162 in
1532 2136 1765 2162 aerumnam

368 2196 411 2229 et
442 2203 578 2242 usque
611 2188 663 2228 ad
698 2187 866 2228 finalem
901 2187 1081 2228 halitum
1117 2188 1252 2228 honor
1286 2189 1331 2228 in
1362 2188 1636 2242 ignominiam
1667 2203 1766 2229 con-

367 2255 598 2296 vertetur.”

425 2322 558 2376 Apud
600 2321 827 2361 Dovoriam
867 2327 1023 2372 autem,
1061 2337 1157 2362 cum
1193 2324 1282 2377 jam
1325 2323 1554 2377 repatriare
1600 2330 1768 2377 pararet

369 2395 412 2430 et
456 2395 715 2443 properaret,
755 2389 864 2428 nihil
910 2395 1068 2442 praeter
1108 2404 1222 2430 aurae
1270 2389 1523 2430 beneficium
1568 2404 1767 2444 prospere

367 2457 420 2496 ad
467 2455 750 2509 navigandum
795 2463 1052 2510 expectaret,
1096 2456 1220 2511 Regi,
1263 2456 1357 2511 (qui
1397 2471 1494 2497 eum
1534 2472 1584 2497 eo
1633 2471 1768 2511 usque

367 2523 412 2562 in
450 2523 622 2576 propria
669 2537 848 2576 persona
887 2538 984 2563 cum
1033 2523 1192 2564 honore
1233 2524 1483 2573 deduxerat,
1524 2531 1631 2578 puta
1669 2523 1771 2578 quia

367 2589 598 2638 blanditiis,
621 2596 672 2629 ut
695 2590 823 2629 moris
849 2590 1045 2640 habebat,
1069 2597 1112 2630 et
1141 2591 1356 2632 beneficiis
1384 2591 1555 2631 honoris
1585 2590 1770 2630 exhibiti

368 2656 547 2696 offensas
568 2655 757 2710 ejusdem
778 2655 941 2709 placare
963 2657 1241 2712 audivisset,2)
1256 2658 1461 2699 beneficia
1482 2657 1520 2697 ei
1540 2672 1564 2697 a
1585 2657 1772 2698 Domino

368 2723 531 2772 collata,
555 2729 598 2762 et
619 2722 806 2762 Domino
826 2723 879 2763 ab
899 2737 951 2763 eo
973 2724 1195 2775 retributa,
1219 2725 1339 2779 quasi
1359 2725 1488 2765 animi
1509 2725 1675 2779 pondus
1696 2739 1771 2765 ex-

509 2810 518 2830 ¹
545 2809 597 2843 Cf.
618 2809 777 2854 Expugn.
798 2809 879 2843 Hib.
898 2821 931 2853 p.
951 2813 1029 2843 800.
1141 2811 1154 2831 2
1182 2811 1284 2846 Forte
1301 2812 1498 2847 studuisset.
1522 2811 1630 2856 Bouq.
