1908 3135
471 222 534 253 DE
572 216 926 251 INSTRUCTIONE
961 214 1246 247 PRINCIPUM.
1472 200 1552 244 107

158 322 441 366 transmissam
459 335 544 360 non
560 318 708 373 procul
729 333 753 357 a
772 317 943 356 Darone
959 318 971 340 ¹
993 313 1199 363 eonfecit3
1223 319 1266 353 et
1286 312 1432 352 multis
1448 311 1559 351 Tur-

160 405 306 432 corum
337 389 525 430 millibus
558 386 634 441 qui
674 400 764 425 eam
798 384 1076 431 deduxerant,
1113 395 1243 421 manu
1281 379 1448 419 modica
1488 379 1560 418 sed

162 459 306 507 electa,
342 458 387 497 in
421 456 567 509 fugam
599 453 821 501 conversis,
862 451 943 491 tria
978 450 1234 490 camelorum
1273 447 1407 487 millia
1445 446 1561 500 gazis

163 524 382 580 AEgyptiis
415 528 586 563 onerata
612 520 798 561 reduxit.
859 519 920 559 Et
950 518 1065 572 quod
1088 516 1278 557 omnium
1306 516 1441 569 majus
1473 521 1563 554 erat

164 601 208 634 et
237 591 480 639 animosius,
513 589 663 629 urbem
698 587 839 641 Jopen
872 601 896 626 a
932 585 1083 626 Turcis
1113 584 1270 624 iterum
1298 588 1560 636 occupatam,

164 660 289 701 armis
311 672 482 712 quoque
515 662 558 696 et
577 655 736 696 viribus
760 653 974 702 refertam,
997 651 1165 705 navigio
1187 651 1345 704 exiguo
1368 649 1492 689 nimis
1521 656 1564 689 et

166 727 269 768 exili
290 723 572 779 recuperavit,
595 729 639 762 et
669 728 755 761 tam
779 719 955 761 modieis
975 718 1149 767 viribus,
1174 717 1375 772 quoniam
1407 717 1565 756 auden-

166 802 229 835 tes
251 794 442 835 Fortuna
471 792 608 846 juvat,
635 796 700 829 tot
730 788 968 829 Turcorum
999 786 1145 835 millia,
1169 785 1332 825 collatis
1365 784 1493 838 signis
1523 792 1565 825 et

168 861 331 910 erectis,
360 858 583 900 temerario
610 857 755 911 potius
784 870 890 896 ausu
911 869 1039 909 quam
1066 853 1255 908 providO,
1278 859 1495 893 cruentam
1521 852 1566 892 in

168 929 314 983 fugam
350 926 586 967 dimicando
627 923 835 965 convertit
871 929 915 963 et
954 921 1148 962 confecit.
1230 920 1343 962 Quae
1394 919 1567 973 quidem

172 996 325 1044 onmia,
349 994 383 1034 si
417 993 636 1033 humiliter
660 991 887 1043 animoque
918 1004 1028 1043 puro
1058 1003 1104 1028 ac
1138 987 1319 1042 simplici
1352 994 1395 1027 ct
1429 987 1569 1027 inten-

170 1063 286 1103 tione
315 1076 444 1109 mera,
473 1059 671 1114 superbia
690 1058 887 1099 videlicet
916 1064 959 1096 et
989 1055 1148 1096 invidia
1177 1055 1327 1109 procul
1362 1053 1569 1108 expulsis,

116 1145 121 1148 ’
172 1131 225 1171 ad
260 1129 495 1170 Dominum
527 1126 667 1167 onmia
695 1125 882 1165 referens
915 1138 1038 1178 agere
1074 1129 1273 1171 curasset,
1298 1121 1570 1175 Dominoque

175 1197 358 1238 dedisset
417 1194 594 1248 gloriam
644 1193 841 1247 quotiens
890 1191 1064 1245 aliquod
1114 1190 1272 1230 fecerat
1329 1189 1572 1243 gloriosum,

176 1271 329 1305 cuncta
364 1277 439 1317 per
477 1262 631 1316 ipsum,
671 1268 721 1300 ut
762 1258 961 1308 creditur,
994 1258 1198 1298 laudabili
1236 1257 1320 1297 fine
1367 1256 1576 1310 completa

175 1332 369 1373 fuissent.
432 1329 663 1378 Quoniam,
698 1334 748 1368 ut
777 1326 838 1366 ait
874 1325 1030 1366 Petrus
1059 1325 1104 1365 in
1136 1324 1316 1378 epistola
1346 1324 1505 1378 prima3
1537 1323 1574 1362 si

178 1400 270 1454 qais
289 1399 512 1446 ministrat,
543 1402 738 1450 tanquam
767 1409 818 1434 ex
838 1394 990 1434 virtute
1012 1406 1131 1447 qaam
1148 1392 1414 1432 administrat
1446 1392 1574 1439 Deus,

178 1473 223 1506 ‘at
267 1467 311 1505 in
355 1465 533 1506 omnibus
568 1463 858 1516 honorificetur
887 1461 1016 1501 Deus.
1082 1459 1220 1514 Super
1266 1473 1394 1513 quem
1437 1459 1577 1499 locum

181 1532 477 1586 Augustinus:
512 1535 539 1553 ‘⁶
559 1530 669 1571 Cum
700 1529 841 1570 omnia
868 1528 978 1568 'bene
1001 1533 1042 1567 et
1073 1527 1304 1567 secundum
1327 1526 1411 1567 Dei
1431 1526 1579 1566 volun-

183 1608 314 1641 tatem
346 1599 547 1648 feceritis,
570 1613 655 1638 non
681 1596 831 1638 vestris
861 1595 1038 1644 meritis,
1075 1595 1149 1634 sed
1179 1594 1327 1648 gratiae
1366 1593 1506 1648 Ipsius
1539 1600 1581 1633 et

183 1668 357 1716 viribus,
398 1674 449 1707 ut
489 1666 560 1707 alii
599 1666 790 1707 videntes
838 1678 964 1717 opera
1004 1669 1142 1703 vestra
1179 1663 1303 1711 bona,
1344 1661 1582 1715 glorificent

187 1735 357 1775 Patrem
380 1734 455 1788 qui
476 1734 520 1774 in
542 1733 630 1773 celo
652 1732 754 1772 est.”
802 1731 887 1771 Sed
902 1731 1002 1785 quia
1018 1731 1104 1770 sine
1118 1730 1230 1770 vitiis
1244 1744 1368 1769 nemo
1382 1729 1581 1777 nascitur,

186 1801 369 1857 optimus
402 1801 473 1841 ille
506 1807 570 1841 est
601 1800 676 1853 qui
709 1797 894 1838 minimis
926 1805 1116 1851 urgetur,
1149 1803 1192 1837 et
1225 1796 1425 1850 quoniam
1459 1809 1583 1835 nemo

187 1870 276 1910 sine
300 1867 473 1908 crimine
494 1867 610 1915 vivit,
633 1874 677 1906 et
696 1866 804 1906 nihil
825 1865 939 1905 omni
960 1871 1078 1919 parte
1100 1865 1286 1913 beatum,
1309 1863 1514 1916 nihilque,
1536 1869 1585 1902 ut

188 1937 248 1977 ait
270 1935 423 1976 Tullus
455 1935 701 1989 simplicius,
724 1934 767 1974 in
799 1947 952 1987 genere
974 1932 1089 1972 omni
1126 1947 1181 1972 ex
1202 1939 1321 1986 parte
1349 1930 1586 1985 perfectum

188 2010 339 2044 natura
360 2002 586 2057 expolluit,
608 2001 719 2042 inter
750 2001 964 2041 universos
987 1999 1120 2039 nostri
1142 1998 1343 2052 temporis
1374 1997 1587 2052 principes

190 2070 529 2111 strenuissimum
561 2069 673 2109 hunc
713 2067 1067 2108 confidentissime
1096 2066 1302 2115 dixerim3
1337 2066 1409 2106 sed
1432 2071 1589 2119 praeter

190 2138 292 2178 alias
324 2137 480 2191 quibus
511 2136 762 2191 praeeminet
791 2135 983 2184 virtutes,
1021 2140 1064 2174 et
1084 2133 1215 2174 varias
1251 2133 1407 2186 quibus
1440 2132 1590 2172 emicat

192 2212 278 2245 tam
297 2211 461 2245 naturae
490 2219 617 2257 quam
638 2202 859 2243 industriae
882 2202 1014 2250 dotes,
1037 2201 1173 2241 tribus
1193 2201 1333 2254 ipsum
1359 2200 1590 2240 virtutibus

195 2288 299 2328 quas
333 2271 610 2312 subtacendas
630 2270 774 2324 potius
806 2284 932 2321 quam
964 2268 1274 2321 exprimendas,
1296 2282 1348 2306 ne
1384 2265 1592 2305 contraria

190 2341 320 2395 juxta
352 2354 395 2379 se
429 2338 568 2392 posita
587 2337 719 2390 magis
748 2343 990 2390 appareant,
1006 2349 1120 2374 nunc
1143 2334 1395 2382 censuimus,
1413 2333 1592 2386 praedic-

198 2415 290 2448 tum
311 2421 398 2446 esse
420 2406 564 2445 datum
591 2403 734 2451 fuisse,
760 2403 836 2443 &c.
900 2401 984 2442 Sed
1004 2401 1096 2441 haec
1116 2401 1318 2441 hactenus
1337 2416 1345 2441 :
1381 2400 1431 2440 dc
1454 2407 1593 2440 cetero

199 2474 251 2514 ad
270 2473 491 2514 historiam
511 2477 784 2511 revertamur.

248 2590 256 2608 ¹
284 2589 447 2621 “Darum
482 2587 640 2619 ultimum
687 2584 861 2618 castellum
895 2585 900 2645 1
932 2584 1086 2617 however
1120 2583 1177 2617 the
1213 2589 1287 2617 true
1317 2583 1456 2628 reading
1487 2583 1526 2626 is,
1557 2583 1596 2615 ab

202 2634 467 2669 Christianitatis
479 2644 593 2665 versus
602 2630 862 2676 Babyloniam.'’
896 2650 902 2713 Ι
934 2631 1056 2664 Acone.

200 2682 285 2716 Rad.
315 2680 480 2725 Coggesh.
507 2690 539 2724 p.
567 2681 622 2712 65.
685 2677 863 2721 Probably,
