1908 3135
358 271 412 309 54
774 280 1013 312 GIRALDUS
1048 279 1345 311 CAMBRENSIS

361 376 533 431 Anglia,
556 377 614 418 sic
635 384 678 419 et
709 378 753 418 in
786 378 1008 428 Hibernia,
1031 378 1206 432 singulis
1227 378 1422 418 domibus
1457 392 1595 418 annua
1628 377 1755 418 unius

359 445 519 485 denarii
553 445 768 499 pensione,
798 452 932 486 ratam
953 446 1156 486 habemus
1177 452 1220 486 et
1249 445 1555 486 confirmamus.
1633 444 1753 487 Qua-

361 519 486 552 tenus
527 512 754 553 eliminatis
774 518 897 553 terrae
919 512 1033 553 illius
1064 511 1290 566 spurcitiis,
1309 512 1487 552 barbara
1518 511 1633 552 natio
1656 526 1754 565 quae

363 578 605 619 Christiano
623 586 819 620 censetur
848 579 1017 620 nomine
1037 586 1174 620 vestra
1199 578 1465 633 indulgentia
1493 593 1659 618 morum
1691 579 1755 618 in-

359 646 466 686 duat
485 652 765 687 venustatem.
825 645 886 686 Et
905 646 1073 686 redacta
1091 646 1137 686 in
1156 646 1333 686 formam
1359 646 1562 686 hactenus
1582 645 1752 685 informi

356 713 507 753 finium
523 713 694 754 illorum
715 713 902 763 ecclesia,
923 728 1026 768 gens
1046 728 1094 754 ea
1123 728 1199 768 per
1217 728 1289 754 vos
1311 712 1561 754 Christianae
1591 711 1752 767 profes-

356 780 485 822 sionis
503 795 657 822 nomen
678 796 775 822 cum
796 781 950 822 effectu
971 781 1022 821 de
1043 787 1199 822 caetero
1219 780 1543 834 consequatur.''

935 914 1040 955 CAP.
1075 915 1186 956 XX.

792 1014 1034 1055 Cassiliense
1062 1013 1320 1055 Concilium}

136 1131 298 1189 rffhes{1„?d
412 1108 706 1149 CAss1L1ENSE
748 1122 920 1162 quoque
960 1107 1187 1149 concilium
1226 1122 1320 1149 cum
1374 1106 1750 1148 constitutionibus

135 1172 151 1188 o
176 1166 226 1189 Cas
247 1173 280 1189 e.

351 1177 438 1217 suis
465 1192 489 1217 a
525 1177 730 1232 praedicto
760 1177 839 1216 hoc
870 1176 978 1216 libro
1011 1191 1090 1216 nec
1117 1175 1308 1216 indebite
1338 1175 1586 1216 translatum
1617 1175 1750 1215 lector

350 1244 552 1285 advertat.
615 1248 639 1266 ‘⁶
660 1244 822 1284 Silente
850 1243 983 1297 igitur
1014 1243 1152 1283 insula
1189 1243 1235 1282 in
1274 1249 1502 1296 conspectu
1535 1242 1670 1296 Regis
1705 1250 1748 1283 et

350 1312 578 1366 tranquilla
603 1313 692 1366 jam
712 1326 814 1365 pace
845 1311 1072 1365 gaudente,
1095 1310 1299 1351 Ecclesiae
1331 1309 1416 1349 Dei
1448 1310 1574 1350 decus
1607 1310 1747 1349 Chris-

349 1378 468 1432 tique
523 1378 686 1419 cultum
740 1378 786 1418 in
831 1377 1024 1432 partibus
1074 1377 1157 1416 illis
1202 1376 1514 1430 magnificandi,
1551 1376 1744 1430 ampliori

348 1445 556 1485 desiderio
579 1445 680 1485 Rex
712 1459 924 1493 accensus,
957 1443 1090 1484 totius
1125 1442 1226 1483 cleri
1259 1443 1481 1483 Hiberniae
1516 1443 1741 1483 concilium

348 1512 462 1566 apud
502 1510 718 1551 Cassiliam
768 1509 1024 1551 convocavit.
1086 1509 1176 1550 Ubi
1224 1509 1441 1563 requisitis
1491 1517 1535 1549 et
1583 1509 1741 1550 auditis

346 1579 517 1633 publice
554 1584 678 1618 terrae
717 1577 832 1617 illius
871 1584 915 1617 et
951 1576 1092 1630 gentis
1131 1583 1217 1617 tam
1250 1576 1573 1616 enormitatibus
1612 1591 1739 1629 quam

344 1645 572 1699 spurcitiis,
594 1651 638 1685 et
657 1645 701 1684 in
717 1644 872 1698 scripta
885 1643 1013 1684 etiam
1030 1643 1109 1683 sub
1126 1642 1263 1696 sigillo
1280 1642 1431 1695 Legati
1446 1642 1741 1683 Lismoriensis

346 1713 440 1766 (qui
461 1712 626 1752 caeteris
655 1711 813 1751 ibidem
849 1710 1055 1763 dignitate
1093 1716 1195 1750 tunc
1228 1709 1426 1763 praeerat)
1449 1724 1503 1749 ex
1533 1709 1741 1749 industria

341 1779 544 1829 redactis3
596 1777 919 1819 constitutiones
958 1791 1106 1826 sacraS,
1149 1791 1247 1830 quae
1302 1776 1438 1816 adhuc
1482 1782 1646 1825 extant,
1687 1777 1738 1817 de

342 1845 619 1886 matrimoniis
648 1844 956 1893 contrahendis,
989 1844 1040 1884 de
1073 1843 1245 1884 decimis
1279 1843 1438 1892 dandis,
1472 1843 1524 1884 de
1555 1843 1739 1884 ecclesiis

343 1913 486 1953 debita
506 1912 729 1953 devotione
749 1911 995 1952 venerandis
1016 1918 1059 1952 et
1079 1910 1415 1964 frequentandis,
1445 1925 1571 1964 quam
1592 1911 1736 1964 plures

343 1980 494 2028 emisit,
526 1980 713 2020 ecclesiae
734 1979 849 2019 illius
879 1985 1036 2019 statum
1057 1978 1111 2018 ad
1132 1977 1382 2031 Anglicanae
1413 1977 1617 2018 Ecclesiae
1652 1978 1737 2018 for-

341 2062 452 2087 mam
472 2047 661 2100 redigere
683 2046 817 2087 modis
838 2045 1032 2085 omnibus
1053 2044 1347 2085 elaborando.'’

902 2178 1006 2218 CAP.
1041 2177 1178 2219 XXI.

343 2280 476 2320 Tituli
487 2280 616 2333 Bessis
631 2279 683 2319 H
681 2280 809 2319 enrici
821 2278 1000 2319 Secunda·
1013 2278 1158 2331 define
1178 2277 1473 2332 Topoyraplziae
1487 2279 1539 2320 H
1534 2280 1734 2333 ybernicae

853 2345 947 2385 hine
968 2346 1226 2399 transcripti.

120 2472 317 2503 Hemfscom,
396 2446 658 2486 PRAETEREA
681 2451 724 2484 et
755 2459 803 2484 ea
824 2458 995 2498 quoque
1018 2459 1116 2498 quae
1138 2445 1190 2484 ad
1220 2445 1352 2498 Regis
1373 2445 1561 2500 ejusdem
1584 2446 1732 2487 titulos

118 2505 283 2531 mendam*
335 2514 380 2553 in
410 2514 491 2553 fine
515 2512 775 2566 Hybernicae
806 2518 962 2552 nostrae
993 2512 1149 2566 scripta
1178 2513 1450 2566 reperiuntur
1481 2520 1524 2553 et
1543 2513 1626 2553 huc
1646 2528 1731 2553 non

332 2579 531 2619 inmerito
570 2578 788 2618 transferri
829 2579 998 2618 debent.
1066 2578 1180 2620 Quae
1224 2579 1397 2633 quidem
1435 2579 1536 2620 licet
1576 2580 1727 2620 blande

332 2645 646 2698 aliquantulum
685 2645 906 2684 videantur
954 2645 1126 2695 emissa3
1159 2653 1264 2699 puta
1295 2661 1392 2699 quae
1423 2646 1602 2701 principi
1634 2662 1727 2700 reg-

330 2713 449 2754 nanti
490 2712 626 2753 adhuc
667 2718 710 2751 et
749 2711 793 2751 in
833 2712 1008 2766 sceptris
1052 2718 1250 2766 potenter
1299 2714 1441 2767 agenti
1492 2714 1727 2769 conscripta

610 2804 617 2821 ¹
647 2804 762 2836 Taken
781 2804 866 2836 from
884 2803 940 2836 the
960 2804 1121 2848 Expugn.
1142 2804 1270 2848 Hyber.
1290 2817 1320 2849 p.
1342 2805 1420 2838 776.
