1908 3135
336 274 390 312 82

422 530 490 557 XII

404 663 491 691 XIII

411 864 489 892 XIV

429 999 488 1026 XV

411 1199 490 1227 XVI

392 1333 489 1360 XVII

911 289 1147 321 CAPITULA

591 392 793 439 tanquam
814 386 1059 440 apostatico,
1078 385 1192 439 quod
1211 383 1348 438 pudor
1370 382 1527 437 pariter
1548 388 1591 421 et
1609 380 1727 420 dolor

591 453 785 503 extorsit,
808 454 860 493 ab
882 453 973 507 ipso
994 452 1171 506 prolatO.

494 548 503 558 .
538 517 681 560 Quare
721 534 764 559 se
803 534 915 560 nunc
955 519 1124 572 segnius
1159 533 1285 572 quam
1321 517 1422 557 olim
1463 513 1727 555 Normannia

592 585 821 626 defendat?
881 586 1077 628 Quaestio
1098 586 1209 625 facta
1232 591 1275 624 et
1294 582 1513 637 responsio
1535 582 1644 621 data.

498 681 507 691 .
539 651 608 691 De
630 652 751 706 Rege
773 653 961 693 Henrico
983 651 1254 706 apostematis
1275 649 1540 690 incommodo
1563 647 1727 687 circiter

589 718 766 772 inguina
802 727 1008 774 correpto,
1041 726 1084 759 et
1114 718 1374 758 confessione
1406 717 1576 756 demum
1601 714 1726 760 facta,

590 786 722 840 magis
744 793 913 827 extorta
933 794 1075 826 tamen
1097 801 1224 840 quam
1242 785 1405 824 devota.

494 881 504 892 .
536 851 659 893 Visio
690 853 823 893 nobili
843 853 933 894 viro
956 853 1141 893 Ricardo
1163 852 1214 891 de
1237 849 1454 891 Riduariis
1484 855 1664 897 ostensa,
1687 855 1730 887 et

591 919 642 958 de
664 919 785 973 Rege
810 920 998 960 Henrico
1018 920 1064 959 in
1083 918 1202 959 brevi
1219 917 1440 970 completa.

494 1016 503 1027 .
537 985 603 1026 De
618 985 878 1039 Imperatore
893 986 1131 1034 Frederico,
1146 985 1279 1024 crucis
1293 982 1514 1036 negotium
1528 987 1571 1021 et
1583 987 1729 1021 votum

590 1052 941 1106 peregrinationis
978 1058 1242 1106 assumptum
1268 1049 1447 1091 viriliter
1480 1047 1652 1088 interim
1687 1054 1731 1087 et

590 1120 883 1160 incunctanter
903 1135 1112 1174 aggressa

496 1216 505 1226 .
543 1186 658 1227 Visio
694 1201 821 1240 quam
858 1202 984 1242 super
1023 1187 1157 1227 crucis
1197 1184 1366 1239 negotio
1403 1183 1510 1223 vidit
1547 1182 1619 1222 ille
1657 1181 1731 1235 qui

591 1255 757 1308 scripsit
775 1254 881 1303 haec,
905 1261 948 1294 et
966 1254 1136 1295 visionis
1159 1251 1383 1306 expositio.

495 1350 504 1360 .
536 1320 603 1360 De
645 1321 917 1376 Imperatoris
953 1320 1234 1368 animositate,
1268 1325 1312 1358 et
1350 1317 1504 1358 litteris
1545 1316 1732 1371 despica-

592 1387 719 1428 tionis
741 1388 940 1429 Saladino
963 1386 1228 1431 transmissis.

374 1467 502 1495 XVIII.
534 1454 772 1508 Responsio
814 1455 1015 1503 Salaclini,
1049 1461 1092 1494 et
1132 1453 1286 1493 litterae
1328 1450 1548 1490 contrariae
1590 1450 1733 1504 Impe-

593 1523 723 1562 ratori
744 1523 796 1562 ab
816 1523 908 1577 ipso
931 1522 1118 1562 directae.

406 1602 502 1629 XIX.
536 1588 734 1631 Qualiter
761 1589 997 1644 Imperator
1025 1603 1101 1643 per
1135 1587 1401 1640 Hungariam
1432 1585 1512 1626 iter
1539 1585 1730 1638 arripuit,

427 1805 491 1831 XX

410 2005 492 2032 XXI

392 2340 493 2368 XXII

376 2674 497 2702 XXIII

587 1662 644 1706 et,
667 1656 870 1697 Danubio
892 1656 1082 1705 transito,
1101 1670 1175 1709 per
1194 1653 1444 1707 Vulgariam
1468 1652 1513 1692 in
1534 1652 1733 1692 Macedo-

594 1723 708 1764 niam
726 1724 855 1764 venit.

496 1821 505 1831 .
539 1790 606 1831 De
639 1791 805 1831 nunciis
832 1791 884 1831 ad
912 1791 1217 1845 Imperatorem
1240 1788 1443 1828 Graecum
1466 1786 1731 1835 transmissis,

593 1858 818 1912 primoque
849 1857 981 1911 captis
1013 1863 1056 1897 et
1090 1855 1286 1904 detentis,
1312 1854 1466 1894 deinde
1495 1868 1550 1893 ex
1582 1853 1731 1893 timore

595 1925 791 1974 remissis,
815 1932 857 1965 et
876 1924 1124 1965 victualium
1144 1924 1237 1963 foro
1258 1936 1468 1962 concesso.

497 2022 507 2032 .
539 1992 606 2031 De
627 1992 775 2032 fraude
809 1991 981 2032 Soldani
1002 1990 1169 2039 Yconii,
1194 1996 1236 2029 et
1257 1997 1367 2029 terra
1392 1987 1525 2041 ipsius
1546 1993 1636 2026 tota
1659 2001 1735 2041 per

597 2059 876 2113 quadraginta
904 2058 991 2097 dies
1031 2057 1076 2096 in
1113 2056 1238 2096 armis
1271 2062 1314 2095 et
1347 2055 1500 2103 inedia,
1536 2053 1734 2107 periculis

596 2126 743 2165 multis
778 2125 984 2177 bellisque
1017 2124 1105 2163 fere
1140 2121 1349 2162 continuis
1381 2126 1732 2173 transpenetrata,

597 2193 722 2232 armis
744 2192 915 2246 quidem
936 2198 977 2231 et
997 2189 1277 2238 animositate,
1291 2187 1527 2241 grandique
1547 2187 1734 2226 hostium

598 2265 748 2311 strage,
769 2258 836 2299 via
855 2264 1013 2311 parata.

498 2357 508 2367 .
540 2326 608 2367 De
640 2325 901 2379 Imperatore
933 2323 1062 2364 fluvio
1089 2322 1267 2376 quodam
1295 2319 1512 2361 Armeniae
1544 2326 1643 2374 post
1671 2326 1736 2359 tot

597 2392 792 2433 victorias
824 2391 1042 2431 submerso
1063 2389 1189 2444 (proh
1206 2389 1324 2428 dolor
1339 2387 1367 2440 !)
1391 2394 1434 2427 et
1466 2387 1671 2435 extincto,
1693 2393 1736 2426 et

597 2459 789 2500 exercitu
828 2465 946 2498 tanto
981 2457 1096 2511 apud
1127 2455 1402 2496 Antiochiam
1431 2453 1663 2501 exinanito,
1695 2458 1737 2491 et

595 2533 694 2580 post
717 2533 877 2565 tantam
904 2525 1088 2564 inediam
1114 2523 1235 2577 copia
1268 2528 1425 2570 secuta,
1449 2527 1535 2560 tam
1565 2519 1737 2559 distem-

595 2599 742 2646 perato
764 2606 891 2645 quam
913 2591 1114 2644 disperso.

502 2692 510 2701 .
544 2659 611 2700 De
634 2658 907 2712 Imperatoris
923 2658 1012 2697 filio
1026 2672 1120 2697 cum
1135 2657 1348 2697 exercitus
1369 2662 1504 2710 parte,
1522 2654 1595 2693 sed
1613 2653 1736 2706 longe

596 2725 772 2773 minore,
795 2725 846 2764 de
868 2723 1099 2764 Antiochia
1121 2723 1297 2777 Tyrum,
1321 2723 1372 2763 de
1395 2722 1509 2776 Tyro
1528 2719 1734 2768 Aeonem,

597 2792 773 2833 viriliter
794 2797 1052 2831 transeunte.
