1908 3135
386 294 440 339 78
800 308 1041 340 GIRALDUS
1076 308 1374 340 CAMBRENSIS

380 406 555 460 gloriam
588 412 813 462 utramque
838 414 924 448 tam
956 414 1163 448 terrenam
1197 423 1324 462 quam
1361 414 1561 449 aeternam
1594 408 1778 450 feliciter

380 474 659 524 militasset.]¹
721 475 809 515 Res
830 475 987 516 etenim
1007 475 1137 528 regiae
1151 490 1315 529 semper
1334 475 1538 516 hactenus
1556 476 1609 516 ad
1628 476 1774 529 gloriae

381 542 599 582 cumulum
644 542 846 582 continuo
896 542 1154 582 incremento
1199 548 1382 591 stetere3
1436 542 1588 582 abhinc
1632 550 1775 583 autem

380 609 538 649 variata
567 609 738 650 fortuna
771 609 975 663 paulatim
1011 609 1202 663 relapsae,
1238 609 1374 650 multa
1411 616 1568 663 praeter
1601 610 1775 651 solitum

381 675 625 716 detrimenti
646 677 796 716 damna
816 691 996 717 sensere.

438 743 724 797 Spectandum
764 743 922 797 quippe
963 750 1026 783 est
1063 743 1153 784 viro
1202 743 1404 797 prudenti
1440 744 1541 797 quia
1586 743 1773 784 fortunae

377 808 495 850 favor
513 810 720 850 instabilis
742 817 785 852 et
805 816 895 850 tota
906 809 1118 860 volubilis,
1137 811 1257 864 cujus
1275 810 1583 864 experientiam
1598 810 1773 851 virentis

379 876 517 915 aetatis
554 877 633 916 viri
679 876 892 930 perpauci,
932 876 1114 929 longaevi
1152 891 1251 917 vero
1303 878 1503 931 temporis
1537 878 1611 918 vix
1660 877 1773 917 ullus

377 942 530 982 evadit.
582 942 701 984 Quid
717 943 829 983 enim
850 942 1082 996 [Pompeii]
1107 943 1257 997 Magni
1276 944 1453 997 gloriam
1472 945 1675 994 extinxit,
1697 945 1772 998 qui

377 1015 442 1049 tot
464 1009 509 1048 in
529 1009 630 1049 orbe
652 1009 883 1063 triumphis¹
900 1009 1171 1058 excelluerat,
1193 1016 1352 1050 tantam
1383 1010 1428 1050 in
1458 1011 1564 1051 urbe
1593 1011 1770 1064 praecel-

375 1077 550 1117 lentiam
572 1077 826 1126 obtinuerat,
846 1076 927 1116 nisi
951 1077 1066 1130 quod
1096 1092 1303 1117 annorum
1326 1078 1478 1118 accidit
1499 1077 1771 1131 antiquitate,

375 1150 426 1183 ut
458 1144 597 1198 ipsum
629 1144 703 1198 qui
734 1159 918 1184 summos
951 1144 1052 1184 olim
1089 1144 1307 1198 dignitatis
1338 1145 1492 1199 gradus
1513 1145 1770 1194 ascenderat,

377 1226 482 1265 quos
513 1226 589 1251 nec
609 1211 721 1251 ultra
740 1211 972 1260 sublimari,
994 1226 1071 1251 nec
1090 1211 1135 1250 in
1166 1211 1248 1251 illis
1270 1212 1431 1252 diutius
1461 1218 1568 1252 stare
1596 1212 1772 1266 permis-

375 1292 466 1318 sum
487 1278 638 1327 fuerat,
661 1278 713 1318 ab
734 1278 820 1318 alto
850 1292 1017 1318 necesse
1044 1278 1185 1318 fuerat
1215 1279 1268 1318 ad
1297 1279 1381 1319 ima
1402 1294 1624 1329 corruere3
1657 1279 1770 1319 unde

374 1351 516 1398 potest
544 1352 703 1385 tantam
734 1345 951 1385 dictatoris
982 1351 1025 1385 et
1055 1345 1203 1399 optimi
1236 1345 1337 1385 civis
1369 1346 1643 1386 eminentiam
1673 1352 1771 1400 post

374 1411 528 1451 multas
563 1418 607 1452 et
637 1412 768 1452 varias
803 1412 854 1452 de
886 1418 1013 1466 gente
1043 1412 1239 1452 victorias
1273 1418 1489 1461 tamquam
1524 1413 1769 1454 fastidiente

369 1479 459 1532 jam
499 1479 688 1519 desertus
726 1494 751 1518 a
788 1479 974 1527 fortuna,
1016 1486 1102 1518 tam
1143 1479 1391 1519 occidentali
1430 1479 1601 1519 tandem
1642 1495 1769 1533 quam

373 1545 566 1585 orientali
587 1545 786 1600 depulsus
804 1545 998 1599 imperio,
1014 1545 1077 1586 vir
1097 1545 1198 1585 olim
1213 1545 1476 1595 victoriosus,
1497 1547 1768 1599 postmodum

372 1613 648 1667 ignominiose
665 1612 813 1662 victus,
832 1612 1047 1652 occubuit.
1099 1612 1158 1653 Et
1175 1628 1197 1652 e
1216 1613 1377 1653 diverso
1395 1612 1499 1666 quid
1516 1612 1542 1653 J
1546 1613 1647 1662 ulio,
1665 1613 1769 1666 quid

373 1679 599 1720 Macedoni
628 1679 890 1728 Alexandro,
912 1686 998 1719 tam
1033 1679 1182 1733 amplis
1217 1679 1391 1720 laudum
1424 1679 1561 1720 titulis
1589 1680 1766 1733 gloriam

370 1747 414 1787 in
437 1762 575 1788 aevum
595 1747 887 1796 accumulavit,
908 1747 989 1787 nisi
1011 1747 1125 1800 quod
1152 1747 1196 1786 in
1216 1746 1308 1786 axis
1330 1746 1527 1795 culmine,
1549 1746 1631 1787 nisi
1653 1748 1768 1800 quod

372 1814 417 1854 in
448 1822 536 1855 arte
559 1814 745 1855 victoriae
761 1815 850 1868 jam
886 1813 1143 1862 constitutis,
1166 1813 1350 1853 fortunae
1380 1813 1585 1854 malitiam
1603 1814 1769 1854 volubi-

370 1883 540 1935 lemque
554 1882 797 1922 descensum
813 1887 1024 1921 maturata
1034 1887 1170 1921 morte
1186 1881 1393 1934 praevenit
1404 1881 1591 1934 utrique.
1639 1880 1768 1935 Spec-

370 1950 545 1989 tandum
567 1963 738 2003 quoque
760 1955 804 1989 et
824 1963 988 2002 semper
1007 1948 1052 1987 in
1078 1948 1218 1988 animo
1238 1948 1422 2002 principi
1442 1948 1579 1988 fixum
1608 1947 1766 1987 haben-

370 2016 472 2056 dum
495 2031 621 2070 quam
652 2016 832 2056 clemens
862 2016 933 2055 ille
972 2014 1164 2055 Salvator
1195 2015 1383 2055 omnium
1414 2023 1458 2056 et
1492 2016 1764 2069 gubernator,

371 2097 499 2135 quam
537 2083 787 2136 longanimis
825 2083 879 2123 sit
919 2089 1180 2136 expectator,
1212 2089 1318 2136 puta
1356 2082 1625 2136 peccantium
1669 2081 1765 2135 plus

370 2150 683 2190 conversionem
728 2157 931 2204 appetens
972 2164 1100 2203 quam
1140 2149 1422 2198 eversionem;
1466 2155 1608 2188 tamen
1655 2148 1766 2188 sicut

369 2216 575 2256 conversis
611 2222 654 2256 et
685 2216 880 2256 correctis
912 2215 1009 2270 pius
1040 2215 1242 2264 indultor,
1276 2215 1333 2255 sic
1362 2215 1567 2269 perversis
1600 2221 1643 2255 et
1671 2230 1766 2269 per-

371 2283 579 2323 tinacibus
604 2283 650 2323 in
670 2283 791 2323 terris
821 2283 1073 2337 plerumque
1104 2297 1276 2337 poenam
1297 2282 1512 2331 inchoans,
1534 2282 1669 2336 gravis
1701 2289 1765 2322 est

369 2351 484 2391 ultor
504 2357 548 2391 et
566 2350 754 2404 punitor.

428 2417 510 2458 His
531 2424 673 2457 autem
694 2432 779 2457 non
800 2416 1045 2471 incongrue,
1062 2432 1147 2457 non
1167 2417 1378 2457 inutiliter
1397 2416 1466 2456 hic
1486 2415 1762 2470 interpositis,

369 2485 422 2524 ad
451 2483 669 2524 historiam
690 2499 836 2524 eorum
854 2499 950 2537 quae
974 2483 1288 2524 occasionaliter
1318 2483 1641 2537 anticipavimus
1663 2498 1764 2523 exe-

370 2551 582 2590 cutionem
628 2557 678 2591 ut
717 2557 807 2591 tota
840 2550 922 2591 viz.
961 2550 1139 2591 Henrici
1179 2551 1351 2591 secundi
1390 2550 1528 2591 finalis
1566 2550 1633 2590 hic
1667 2565 1764 2590 area

367 2624 650 2672 percurratur,
664 2623 936 2657 revertamur.
978 2616 1178 2670 Inprimis
1198 2618 1344 2671 itaque
1360 2618 1484 2672 post2
1504 2615 1761 2657 Patriarchae

331 2726 335 2729 ,
369 2684 609 2733 discessum,
631 2683 773 2723 missio
795 2682 821 2722 J
824 2683 1000 2723 ohannis
1024 2684 1067 2723 in
1090 2683 1343 2725 Hiberniam
1364 2683 1691 2739 ignominiosum
1712 2690 1761 2723 ut

367 2751 553 2792 diximus
586 2750 734 2791 sortita
765 2757 828 2790 est
862 2750 1073 2800 effectum,
1107 2751 1462 2805 quemadmodum
1501 2751 1546 2790 in
1585 2751 1761 2791 historia

497 2839 505 2857 ¹
538 2838 586 2872 Et
604 2866 610 2872 .
632 2865 638 2872 .
659 2866 665 2872 .
688 2865 694 2872 .
713 2838 890 2872 militasset.
941 2837 1019 2872 Om.
1039 2838 1115 2873 MS.
1302 2839 1316 2861 2
1343 2839 1437 2881 Post,
1452 2838 1485 2870 in
1504 2838 1581 2872 MS.
