1908 3135
339 284 394 324 46
745 296 984 329 GIRALDUS
1019 295 1316 328 CAMBRENSIS

902 478 1008 520 CAP.
1043 478 1172 522 XVI.

338 582 510 622 Litterae
520 596 669 636 pacem
687 587 726 622 et
747 580 1003 622 concordiam
1023 582 1132 620 inter
1151 581 1306 634 Reyem
1326 580 1516 622 Francia>
1533 584 1572 618 et
1598 577 1729 618 Comi-

397 654 474 689 tem
494 649 710 690 Flamlriae
722 663 804 703 per
822 650 978 702 Reqem
998 648 1226 688 Hemz'cum
1236 648 1401 700 factam
1414 651 1705 701 protestante&

122 766 285 798 Philip'sre-
398 752 425 771 ‘⁶
445 749 566 790 IDEM
597 749 698 789 Rex
720 748 932 789 Henricus
954 748 1108 789 dilecto
1130 755 1172 789 et
1192 748 1306 788 fideli
1328 762 1404 788 suo
1425 746 1655 800 Ranulpho
1677 746 1727 785 de

120 800 292 856 fssiifisstiigmn
340 815 584 857 Glaunvifla
604 816 796 857 salutem.
859 815 974 856 Scias
995 816 1111 869 quod
1132 815 1199 855 die
1231 815 1371 855 clauso
1394 814 1569 855 Paschae
1583 816 1596 837 1
1618 813 1729 853 inter

122 865 261 923 ffiissgrs.
338 883 613 924 Gilberacum
634 889 677 923 et
699 882 950 923 Curciacum
968 882 1114 922 habito
1140 881 1200 922 ibi
1231 881 1458 936 colloquio,
1480 881 1565 921 Dei
1595 880 1731 934 gratia

338 950 567 991 constituta
597 956 660 990 est
690 965 776 1004 pax
807 956 851 990 et
893 949 1128 997 concordia,
1161 948 1392 1002 plurimum
1421 947 1729 988 interveniente

337 1031 464 1071 opera
485 1023 528 1056 et
548 1016 832 1056 sollicitudine
853 1022 1009 1064 nostra,
1032 1015 1144 1055 inter
1165 1015 1383 1055 dominum
1404 1014 1568 1067 Regem
1599 1014 1729 1054 Fran-

336 1084 413 1124 ciae
442 1090 484 1124 et
507 1083 716 1124 Comitem
752 1082 963 1123 Flandriae
996 1089 1039 1122 et
1068 1097 1137 1122 eos
1158 1081 1233 1136 qui
1263 1081 1420 1121 Comiti
1451 1081 1727 1121 adhaeserant.

338 1151 405 1192 Ita
422 1151 537 1205 quod
549 1151 640 1205 ipso
654 1151 720 1190 die
735 1150 904 1190 affidata
916 1149 1000 1190 fuit
1014 1149 1243 1203 utrobique
1258 1149 1452 1197 tenenda,
1468 1148 1578 1188 sicut
1590 1147 1730 1201 prolo—

337 1224 435 1258 cuta
454 1218 553 1258 fuit.
614 1217 675 1258 Et
691 1233 768 1271 ego
780 1217 953 1271 insuper
968 1217 1013 1256 in
1028 1231 1198 1256 manum
1221 1216 1314 1270 cepi
1328 1216 1380 1256 ad
1397 1215 1665 1256 efficiendum
1681 1221 1730 1254 ut

338 1285 569 1325 secundum
591 1285 704 1338 quod
732 1285 863 1325 divisa
884 1291 948 1325 est
981 1284 1195 1338 procedat.
1256 1283 1410 1324 Forma
1440 1290 1582 1323 autem
1614 1281 1729 1336 pacis

337 1352 432 1392 talis
472 1358 548 1392 est.
630 1351 780 1392 Comes
820 1352 1028 1405 siquidem
1068 1350 1280 1391 Flandriae
1318 1357 1360 1391 et
1401 1350 1623 1404 complices
1664 1348 1729 1389 sui

336 1419 472 1459 redire
495 1419 652 1459 debent
684 1419 728 1459 in
765 1419 1009 1473 homagium
1034 1425 1077 1459 et
1106 1418 1327 1472 liganciam
1363 1424 1406 1458 et
1437 1416 1655 1457 servitium
1686 1422 1729 1456 et

336 1486 585 1527 fidelitatem
607 1486 764 1526 domini
795 1486 928 1540 Regis
960 1486 1164 1535 Franciae,
1202 1485 1312 1526 sicut
1349 1491 1467 1525 erant
1501 1491 1728 1537 antequam

336 1568 490 1607 guerra
515 1553 734 1608 inciperet.
796 1553 855 1594 Et
875 1553 937 1593 illi
960 1553 1034 1607 qui
1067 1553 1263 1593 dissaisiti
1285 1559 1404 1593 erant
1424 1567 1499 1606 per
1518 1565 1727 1605 guerram,

337 1620 464 1660 talem
503 1620 696 1660 saisinam
734 1619 954 1660 habebunt
976 1620 1026 1660 de
1054 1620 1174 1660 terris
1195 1620 1294 1669 suis,
1318 1619 1485 1673 qualem
1516 1618 1730 1658 habebant

338 1700 411 1727 xv.
453 1687 520 1727 die
560 1693 788 1740 antequam
819 1701 1014 1740 guerram
1053 1686 1303 1740 inciperent.
1374 1686 1436 1726 Et
1473 1699 1616 1725 omnes
1654 1683 1728 1738 qui

338 1754 448 1807 capti
483 1760 602 1794 erant
633 1768 688 1793 ex
734 1760 915 1807 utraque
955 1760 1074 1807 parte
1114 1753 1282 1794 liberati
1323 1760 1366 1793 et
1405 1752 1541 1806 quieti
1578 1757 1726 1800 erunt3

337 1828 518 1874 excepto
540 1835 603 1869 eo,
627 1820 742 1874 quod
761 1820 998 1874 redemptio
1020 1835 1117 1874 quae
1140 1820 1237 1860 data
1258 1827 1334 1870 est,
1357 1834 1443 1859 non
1462 1819 1727 1867 restituetur,

336 1902 412 1928 nec
442 1887 655 1928 reddenda
683 1888 961 1941 persolvetur,
990 1902 1117 1942 super
1146 1887 1350 1928 comitatu
1377 1901 1476 1927 vero
1504 1886 1555 1926 de
1581 1885 1726 1927 Perun

338 1960 380 1993 et
411 1954 462 1994 de
493 1954 770 1995 Viromandia
799 1969 865 1995 res
898 1954 958 1994 ita
988 1969 1031 1995 se
1066 1954 1226 1994 habet:
1273 1954 1388 2008 quod
1420 1953 1571 1994 Comes
1601 1953 1728 1993 Flan-

336 2020 438 2060 driae
478 2021 647 2074 publice
688 2020 945 2075 recognovit,
978 2021 1094 2074 quod
1129 2020 1188 2060 nil
1216 2020 1323 2074 juris
1360 2020 1440 2060 sibi
1458 2019 1644 2060 vindicat
1682 2019 1727 2059 in

336 2094 447 2127 terra
496 2087 569 2127 illa
605 2088 656 2128 de
696 2087 973 2128 Viromandia
1011 2087 1092 2127 nisi
1142 2087 1436 2127 tantummodo
1475 2087 1644 2126 vadium
1685 2092 1728 2126 et

335 2154 669 2208 suppositionem
709 2169 836 2207 quam
864 2154 979 2194 misit
1011 2154 1056 2193 in
1093 2153 1430 2193 emendationem
1451 2160 1576 2193 terrae
1597 2153 1725 2193 illius.

337 2222 552 2262 Praeterea
583 2221 733 2262 Comes
754 2221 966 2261 Flandriae
997 2220 1182 2261 reddidit
1203 2220 1373 2260 domino
1394 2220 1506 2273 Regi
1536 2220 1725 2260 Franciae

336 2288 645 2337 Pitrefontam3
679 2294 722 2328 et
748 2287 849 2328 Rex
879 2288 993 2328 idem
1024 2294 1207 2327 castrum
1237 2287 1421 2327 reddidit
1440 2286 1654 2341 Episcopo
1675 2287 1726 2326 de

338 2355 555 2405 Saissuns3
607 2362 649 2396 et
698 2355 937 2409 Episcopus
981 2354 1164 2395 dominae
1216 2353 1415 2407 Agathae,
1471 2355 1586 2408 quod
1634 2369 1724 2394 eam

333 2421 600 2462 haereditarie
635 2422 866 2476 contingat,
890 2421 1126 2462 exhibebit.
1188 2420 1339 2461 Comes
1359 2435 1457 2461 vero
1487 2420 1727 2461 Claremon-

333 2489 492 2529 tensis2
513 2496 557 2529 et
587 2488 842 2542 Radulphus
869 2488 919 2528 de
955 2487 1152 2528 Curtiaco
1175 2493 1274 2527 sunt
1303 2502 1359 2527 ex
1393 2494 1485 2527 toto
1520 2487 1563 2527 in
1597 2502 1726 2527 manu

334 2555 492 2595 domini
513 2555 645 2608 Regis
665 2555 871 2604 Franciae,
892 2554 1016 2594 liberi
1037 2561 1080 2595 et
1101 2554 1237 2608 quieti
1258 2568 1282 2593 a
1304 2553 1469 2594 Comite
1498 2554 1533 2594 F
1535 2554 1724 2604 landriae,

335 2636 390 2661 ex
409 2621 474 2661 his
496 2635 592 2675 quae
615 2622 665 2662 de
686 2621 778 2675 ipso
793 2624 808 2646 ³
830 2621 1032 2661 tenebant
1053 2621 1103 2661 de
1124 2620 1248 2660 feodo
1263 2620 1488 2661 comitatus
1502 2620 1727 2661 Viroman-

381 2758 390 2777 ¹
418 2759 608 2791 A.o.1182,
703 2756 715 2773 ²
740 2755 952 2800 Radulphus.
1063 2756 1143 2789 driae
1183 2756 1309 2789 bellum
1360 2761 1476 2789 eontra
1517 2756 1723 2789 Francorum

380 2803 393 2822 ³
417 2803 585 2847 “Nempe
626 2813 703 2835 cum
737 2802 860 2834 Comes
894 2801 995 2834 Flan-
1063 2802 1190 2846 Regem
1209 2808 1332 2845 ageret,
1358 2801 1538 2834 Britolium
1557 2801 1632 2845 sibi,
1651 2808 1725 2834 tan-
