1908 3135
518 201 580 231 DE
616 198 968 231 INSTRUCTIONE
1004 198 1286 230 PRINCIPUM.
1515 188 1595 231 1:37

197 300 294 340 fuit.
356 300 554 343 Qualiter
575 308 718 341 autem
749 314 821 354 per
850 298 1092 353 principum
1124 304 1364 338 nostrorum
1395 298 1594 338 invidiam

197 374 324 421 atque
344 367 607 415 discordiam,
636 374 686 406 ut
715 366 860 420 paucis
890 365 1205 406 occasionaliter
1232 365 1472 418 anticipem,
1495 381 1592 419 quae

195 435 332 489 longis
352 435 649 475 historicorum
665 433 776 474 forte
797 440 1064 487 posterorum
1081 433 1245 486 paginis
1265 432 1441 472 materia
1463 433 1592 481 dabit,

196 502 328 542 totius
348 501 680 542 Christianitatis
701 501 744 541 in
777 507 889 540 terra
909 515 1023 540 sacra
1043 500 1170 554 paulo
1201 507 1298 554 post
1326 507 1515 548 conatus,
1539 515 1594 539 cx

195 568 283 609 solo
315 568 556 623 principum
584 567 755 608 defectu
785 568 838 608 ad
872 567 1048 622 plenum
1080 582 1164 607 non
1204 566 1446 621 profecerit,
1486 567 1593 620 proh

193 636 332 690 pudor
352 642 480 689 atque
498 635 616 675 dolor
634 637 642 675 !
667 635 719 675 ad
732 650 878 675 eorum
897 634 1186 675 confusionem
1204 648 1462 688 poenamque
1480 634 1591 688 plec-

195 703 359 742 tibilem
391 702 435 742 in
473 703 594 743 terris
626 702 879 752 inchoatam,
903 702 1157 757 quibusdam
1189 702 1300 742 sicut
1330 716 1471 742 rerum
1500 717 1593 755 ges-

194 777 332 811 tarum
351 770 453 810 ordo
476 770 679 825 deposcit,
702 770 923 824 sequentia
945 769 1186 811 declarabit.

737 939 843 981 CAP.
868 938 1051 979 XXIV.

195 1055 402 1106 Qualiter,
442 1056 718 1096 cenomannia
760 1057 976 1104 combusta,
1008 1055 1103 1095 inde
1129 1055 1308 1108 swalna
1327 1055 1432 1107 suit,
1466 1061 1504 1094 et
1540 1055 1588 1094 cle

437 1124 554 1163 verbo
575 1123 804 1176 apostatico
826 1123 973 1162 iterum
995 1122 1044 1162 ab
1066 1123 1153 1175 ipso
1167 1122 1347 1176 prolato.

248 1239 333 1280 Hls
350 1240 482 1293 igitur
498 1254 582 1279 non
595 1239 819 1288 inutiliter,
837 1254 921 1278 non
940 1238 1276 1292 incompetenter
1288 1238 1355 1278 hic
1369 1238 1585 1292 appositis,
1604 1252 1746 1309 {genffin
1759 1253 1788 1277 of

1724 1294 1736 1309 S

187 1307 239 1347 ad
277 1306 466 1347 historiae
503 1306 653 1346 seriem
687 1312 960 1346 revertamur.
1035 1305 1157 1345 Circa
1194 1305 1395 1345 kalendas
1439 1306 1584 1358 itaque
1602 1317 1729 1375 1331&sz

186 1373 319 1423 Junii,
342 1373 480 1414 verbis
510 1373 624 1427 pacis
656 1372 851 1412 omnibus
883 1379 925 1412 et
956 1372 1178 1426 colloquiis
1213 1372 1325 1412 inter
1346 1372 1584 1426 Anglorum
1604 1383 1718 1441 Henfrffg's

188 1440 352 1495 Regem
369 1448 411 1481 et
429 1440 639 1481 Comitem
662 1440 967 1489 Pictavensem‚
984 1447 1096 1480 nutu
1115 1439 1256 1480 divino
1274 1440 1500 1480 vindictam
1519 1456 1585 1480 ac-
1601 1426 1658 1475 {Eg
1668 1418 1780 1475 olfoirt-the

187 1508 410 1558 celerante,
432 1523 518 1548 non
539 1508 591 1548 ad
612 1507 891 1557 concordiam,
913 1508 984 1547 sed
1015 1507 1160 1562 potius
1184 1507 1288 1547 iram
1309 1508 1437 1548 versis
1463 1508 1586 1548 inex-

185 1575 402 1625 orabilem,
444 1575 597 1616 dirutis
633 1575 819 1629 primum
852 1575 1013 1614 martiis
1043 1575 1203 1614 viribus
1235 1575 1414 1616 castellis
1447 1575 1584 1615 Ceno*

184 1643 364 1683 manniis
394 1643 604 1697 pluribus,
628 1643 798 1683 demum
818 1642 871 1682 ad
892 1643 1040 1682 urbem
1064 1643 1198 1696 ipsam
1221 1642 1581 1683 Cenomanensem

185 1724 209 1749 a
231 1709 352 1762 Rege
374 1709 631 1750 Francorum
654 1717 697 1749 et
715 1709 879 1749 Comite
895 1708 1133 1749 Pictavensi
1150 1725 1244 1750 cum
1266 1710 1489 1763 utriusque
1507 1725 1581 1750 ex-

185 1777 320 1818 ercitu
341 1785 592 1830 perventum
613 1784 688 1817 est.
752 1776 861 1816 Cum
888 1777 1033 1829 igitur,
1057 1777 1372 1831 egredientibus
1394 1778 1578 1827 urbanis,

184 1845 360 1885 hostiles
400 1844 509 1884 acies
550 1845 752 1897 utrinque
794 1858 1041 1884 concurrere
1077 1846 1165 1898 jam
1202 1852 1412 1899 pararent,
1455 1852 1497 1885 et
1538 1846 1581 1885 in

184 1912 344 1966 primis,
359 1912 548 1951 nondum
563 1918 704 1951 tamen
720 1911 922 1951 consertis
937 1912 1108 1951 omnino
1124 1912 1298 1960 viribus,
1319 1912 1582 1966 confligendo

186 1980 306 2034 quasi
339 1978 586 2033 praeliorum
625 1978 833 2032 praeludia
867 1978 1080 2027 sacerent3
1118 1978 1219 2019 Rex
1250 1979 1503 2033 Anglorum,
1536 1987 1584 2020 ut

185 2054 276 2087 erat
322 2046 494 2086 martios
535 2060 780 2099 congressus
822 2045 961 2098 quoad
1006 2045 1149 2099 potuit
1195 2061 1359 2100 semper
1408 2048 1582 2097 evitans,

185 2130 282 2155 suos
332 2114 444 2154 intra
488 2113 649 2153 moenia
693 2112 941 2162 revocando,
983 2113 1235 2153 suburbium
1275 2121 1427 2162 totum,
1470 2116 1584 2169 quod

183 2183 316 2236 ipsam
348 2180 656 2235 propemodum
683 2180 847 2228 urbem,
878 2186 921 2220 et
950 2180 983 2219 si
1011 2194 1096 2220 non
1124 2181 1342 2233 dignitate,
1365 2184 1582 2236 majestate

184 2257 325 2289 tamen
358 2255 401 2288 et
431 2247 635 2287 mercium
667 2247 787 2300 copia
821 2247 1076 2286 diversarum
1110 2248 1415 2301 aequiparabat,
1444 2264 1495 2288 ne
1517 2250 1583 2289 vel

184 2316 280 2355 urbi
302 2315 469 2355 officere
490 2314 556 2353 vel
586 2313 698 2353 hosti
718 2314 922 2367 proficere
947 2322 1102 2367 posset,
1125 2315 1222 2368 igne
1253 2316 1447 2369 apposito
1470 2332 1582 2356 com-

182 2383 279 2423 buri
323 2381 483 2437 jussit.1
557 2380 727 2421 Ventus
766 2388 921 2429 autem,
965 2396 1207 2434 quanquam
1247 2391 1344 2422 ante
1384 2384 1435 2423 ab
1477 2385 1581 2424 urbe

183 2451 379 2498 venisset,
411 2450 455 2489 in
490 2449 746 2489 contrarium
779 2449 921 2488 subito
941 2463 1098 2498 versus,
1131 2457 1181 2489 ut
1212 2450 1377 2500 assolet,
1407 2458 1449 2490 et
1480 2466 1582 2505 aug-

183 2524 408 2567 mentatus,
435 2517 521 2556 vim
546 2516 782 2556 flammeam
817 2516 926 2569 ignis
957 2516 1093 2556 edacis
1123 2517 1167 2556 in
1199 2518 1346 2557 urbem
1373 2518 1486 2559 illico
1517 2520 1581 2559 in-

184 2585 381 2626 teriorem
417 2584 746 2638 transportavit3
787 2584 1015 2637 statimque
1057 2583 1100 2623 in
1141 2591 1299 2625 tantam
1336 2586 1577 2627 w‘olentiam

229 2688 238 2708 ¹
267 2688 331 2721 His
350 2688 458 2721 forces
471 2699 555 2720 were
575 2687 719 2732 uncqual
739 2695 771 2720 to
791 2688 846 2720 the
914 2699 1007 2720 same
1041 2688 1135 2730 time,
1165 2689 1250 2722 unfit
1285 2696 1318 2722 to
1360 2690 1400 2722 be
1435 2691 1574 2725 trusted.

181 2733 320 2767 defence
351 2734 389 2767 of
417 2733 474 2766 the
509 2734 590 2778 city,
621 2734 697 2776 and,
727 2742 759 2766 at
791 2734 845 2767 the
914 2734 976 2767 See
996 2734 1231 2779 Hemingford,
1250 2747 1281 2779 p.
1300 2738 1378 2769 513.
