1908 3135
352 281 407 321 98
769 286 1006 318 GIRALDUS
1042 284 1339 317 CAMBRENSIS

354 388 449 429 talis
472 388 662 429 ecclesiae
695 387 978 435 devotionem,
1002 400 1128 439 quam
1150 385 1203 425 ad
1235 383 1513 425 exercendam
1549 387 1592 421 et
1623 394 1754 434 expe-

353 455 541 495 riendam
559 455 658 495 fidei
681 455 844 495 fervore
877 454 1068 494 devotam
1093 451 1431 492 Occidentalium
1452 447 1752 495 obedientiam,

355 523 462 562 circa
481 522 682 562 kalendas
697 521 886 574 Augusti
906 519 1204 560 miserabiliter
1223 517 1477 572 perpetratis
1495 533 1504 565 3
1537 515 1648 555 fama
1668 520 1754 554 tam

354 589 509 629 flebilis
542 596 717 629 eventus
751 588 880 642 hujus
917 588 970 627 ad
1003 586 1196 626 occiduas
1236 593 1377 639 partes
1414 584 1523 623 circa
1555 581 1755 622 kalendas

357 656 611 696 Novembris
660 655 856 709 proximo
907 653 1237 707 subsequentis)
1278 651 1563 706 perveniente,
1613 647 1755 688 statim

359 723 688 763 Pictaviensium
728 721 879 762 Comes
912 721 1136 768 Ricardus,
1187 719 1232 759 in
1268 719 1380 759 auris
1415 717 1563 757 auditu
1603 715 1755 769 primo,

359 789 464 828 urbe
487 788 728 828 Turonensi
749 789 800 828 ab
823 787 1137 841 archiepiscopo
1160 786 1238 826 loci
1263 786 1451 839 ejusdem
1473 784 1525 824 ad
1545 782 1758 823 vindican-

360 857 454 896 dam
472 856 630 896 Christi
651 855 850 909 injuriam
873 861 1046 894 strenua
1060 853 1282 893 devotione
1305 852 1438 892 crucis
1460 850 1674 905 signaculo
1696 854 1759 889 est

359 923 619 976 i11signitus.2
680 921 806 961 Unde
844 928 887 961 et
913 920 1139 974 Cisalpinis
1159 919 1422 973 principibus
1446 925 1617 957 strenuo
1647 917 1759 956 facto

360 998 445 1029 tam
466 989 621 1029 nobilis
643 1003 770 1028 ausus
784 987 984 1041 exemplo
1004 987 1172 1035 donato,
1190 986 1290 1025 Rex
1312 985 1564 1038 Anglorum,
1582 982 1760 1022 Comitis

359 1064 494 1110 pater,
529 1055 756 1104 Henricus,
790 1062 833 1094 et
866 1054 1092 1107 Philippus
1123 1052 1223 1092 Rex
1254 1052 1525 1099 Francorum,
1556 1049 1760 1090 laudabili

361 1123 632 1172 emulatione,
657 1136 901 1176 quanquam
922 1120 1132 1161 discordes
1160 1120 1212 1159 ad
1243 1119 1422 1159 invicem
1444 1125 1568 1158 antea
1585 1116 1760 1164 fuerint,

361 1191 509 1230 eodem
529 1190 572 1229 in
594 1189 686 1229 loco
708 1196 751 1229 et
771 1189 915 1229 eadem
936 1188 1052 1236 hora,
1076 1186 1189 1240 apud
1213 1186 1451 1226 Gisortium
1472 1200 1526 1225 sc.
1551 1183 1763 1237 colloquio

362 1257 626 1305 constituto,³
659 1255 940 1310 persuadente
963 1253 1037 1307 qui
1071 1254 1123 1293 ad
1150 1253 1228 1292 hoc
1261 1259 1431 1293 venerat
1465 1250 1764 1305 archipraesule

364 1324 578 1378 Tyrensi,4
598 1323 727 1363 immo
767 1322 903 1375 gratia
940 1322 1120 1375 desuper
1160 1320 1390 1373 inspirante
1427 1319 1626 1367 favorem,
1669 1332 1765 1357 cum

363 1391 509 1431 multis
531 1397 575 1430 et
595 1390 757 1443 magnis
778 1396 864 1429 tam
886 1388 986 1429 cleri
1006 1403 1131 1442 quam
1154 1386 1302 1441 populi
1322 1386 1433 1435 viris,
1457 1385 1647 1426 unanimi
1668 1399 1764 1424 con-

365 1458 506 1498 cordia
540 1457 648 1497 circa
677 1456 878 1496 kalendas
911 1455 1132 1495 Februarii
1165 1453 1394 1494 salutiferae
1427 1452 1560 1492 crucis
1600 1452 1766 1505 signum

364 1525 409 1564 in
444 1524 631 1565 humeris
668 1524 1020 1577 assuinpsei·unt.5
1081 1521 1327 1561 Terminum
1364 1526 1506 1560 autem
1545 1518 1627 1559 iter
1665 1518 1767 1558 arri-

366 1592 511 1646 piendi
533 1591 585 1630 ad
599 1591 706 1631 tanti
721 1605 940 1644 aggressus
953 1588 1307 1643 praeparationem
1325 1594 1367 1627 et
1388 1584 1768 1640 adimpletionem,6

367 1674 540 1706 annum,
589 1658 750 1698 Pascha
788 1657 998 1705 videlicet,
1039 1671 1121 1696 non
1172 1655 1431 1709 proximum,
1473 1655 1545 1694 sed
1585 1654 1767 1694 secundo

369 1726 695 1766 subsecuturum
725 1724 1040 1778 praefixerunt.⁷
1103 1723 1357 1763 Statuerunt
1387 1729 1430 1762 et
1460 1720 1672 1761 communi
1705 1735 1768 1760 as-

368 1808 492 1833 sensu
515 1807 637 1832 cruce
660 1792 845 1845 signatos
867 1798 996 1831 terras
1020 1798 1063 1831 et
1083 1790 1273 1830 redditus
1305 1804 1401 1829 suos
1430 1803 1506 1843 per
1537 1787 1769 1828 triennium

368 1859 552 1914 spatium
573 1860 625 1899 ab
647 1865 862 1913 assumpto
882 1858 1034 1898 itinere
1065 1857 1205 1898 stabili
1225 1856 1499 1911 impignorari
1529 1871 1650 1910 posse
1671 1869 1769 1895 con-

369 1927 581 1967 ventione.
643 1926 841 1967 Decimas
862 1940 1037 1979 quoque
1067 1939 1208 1965 rerum
1243 1924 1431 1964 omnium
1466 1938 1511 1963 ac
1543 1922 1769 1976 possessio-

370 2009 472 2034 num
496 2008 655 2041 eorum,
679 1993 754 2046 qui
775 1993 857 2032 iter
876 1992 955 2032 hoc
977 2007 1062 2031 non
1076 1992 1321 2044 arriperent,
1344 1991 1395 2030 ad
1408 1989 1769 2044 peregrinantium

374 2060 726 2100 sustentationem
741 2060 896 2099 dandas
916 2059 1079 2112 ubique
1093 2059 1380 2098 decreverunt.
1425 2057 1595 2099 Quibus
1616 2057 1677 2097 ita
1697 2071 1771 2109 pa-

373 2127 494 2167 tratis
526 2125 976 2166 excommunicationis
998 2125 1251 2165 sententiam
1281 2124 1441 2163 ibidem
1468 2138 1607 2163 coram
1636 2123 1770 2176 Regi-

373 2195 454 2233 bus
471 2200 513 2233 et
525 2192 684 2247 populo
695 2199 799 2241 toto,
815 2191 1118 2246 archiepiscopi
1132 2198 1174 2231 et
1188 2191 1387 2244 episcopi,
1403 2190 1477 2243 qui
1492 2198 1773 2230 convenerant

376 2260 516 2308 multi,
539 2259 584 2299 in
618 2259 712 2298 illos
749 2260 958 2299 dederunt
992 2260 1067 2312 qui
1103 2257 1486 2311 peregrinationem
1520 2257 1644 2296 istam
1666 2272 1772 2296 ausu

379 2326 601 2367 temerario
635 2325 949 2379 praepedirent3
983 2332 1026 2365 et
1062 2339 1184 2364 cruce
1217 2324 1416 2377 signatos,
1445 2338 1520 2364 seu
1549 2323 1659 2363 infra
1692 2330 1774 2364 ter-

430 2468 437 2485 ¹
465 2480 535 2501 A.D.
554 2468 654 2502 1187.
1115 2466 1248 2500 French
1260 2466 1338 2499 took
1351 2466 1420 2509 red,
1438 2467 1495 2500 the
1510 2466 1651 2511 English
1663 2467 1774 2509 white,

431 2513 443 2530 ²
465 2513 504 2546 In
538 2513 690 2546 addition
724 2518 758 2545 to
800 2525 859 2546 our
902 2513 1045 2557 English
1114 2513 1172 2545 the
1191 2512 1269 2545 Earl
1284 2512 1322 2545 of
1335 2512 1499 2545 Flanders
1511 2524 1621 2557 green,
1635 2524 1774 2546 crosses.

384 2558 609 2598 Chroniclers,
634 2570 689 2591 see
727 2558 785 2590 the
824 2559 947 2592 Chron.
979 2559 1047 2591 Tu-
1117 2558 1249 2592 Hoved.
1267 2561 1346 2601 365,
1364 2558 1396 2592 b.

383 2615 455 2636 ron.
482 2615 514 2647 p.
543 2606 644 2647 1030,
669 2604 703 2636 in
733 2603 920 2637 Martenc’s
945 2605 1047 2648 Amp.
1163 2604 1176 2623 ⁶
1203 2605 1312 2648 Proep.
1349 2605 1489 2637 animum
1523 2609 1555 2637 et
1587 2605 1630 2636 ad
1662 2603 1777 2648 ampli-

385 2649 473 2681 Coll.
489 2655 571 2683 tom.
586 2661 616 2682 v.
1117 2662 1203 2682 orem
1223 2650 1278 2693 Ρ.,
1298 2650 1372 2683 MS.

430 2695 444 2715 ³
473 2694 610 2737 Habito,
644 2705 760 2727 mense
788 2694 959 2738 Januario,
995 2707 1049 2729 an.
1163 2696 1175 2715 ⁷
1201 2708 1269 2729 ΑΛ).
1290 2698 1391 2729 1190.
1442 2695 1509 2728 For
1536 2695 1592 2728 the
1611 2695 1778 2728 “statuta

386 2743 487 2775 1188.
765 2741 777 2759 ⁴
800 2740 986 2773 Gulielmo.
1117 2741 1151 2773 in
1178 2742 1391 2785 susceptione
1424 2741 1568 2783 crucis,''
1595 2753 1651 2774 see
1683 2741 1777 2774 Will.

429 2787 442 2804 ⁵
467 2786 520 2818 De
553 2785 730 2828 Vinesauf,
760 2798 792 2830 p.
828 2787 907 2820 257.
974 2786 1047 2819 The
1119 2787 1347 2831 Neubrigens.
1366 2787 1413 2820 iii.
1442 2789 1498 2820 23.
