1908 3135
798 244 1024 277 PREFACE.
1565 240 1604 279 xi

211 343 255 377 to
291 339 468 380 another
501 341 668 394 subject
701 341 943 396 intimately
983 344 1214 384 connected
1247 344 1350 384 with
1389 345 1458 385 the
1498 346 1606 386 fore-

208 416 352 470 going,
386 417 432 457 in
464 417 603 458 which
631 419 703 460 the
736 419 898 474 fidelity
929 420 976 460 of
1009 420 1212 462 Giraldus
1247 437 1290 462 as
1318 437 1369 462 an
1402 422 1603 463 historian

208 493 244 534 is
264 494 308 534 in
329 509 445 535 some
468 496 620 550 degree
640 497 850 538 involved.

267 571 359 612 The
390 572 564 614 Editors
605 574 654 615 of
689 575 761 615 the
797 585 917 630 great
949 576 1184 617 Collection
1221 578 1268 618 of
1301 578 1464 619 French
1504 578 1605 620 His-

207 649 378 700 torians,
416 650 616 704 (Recueil
650 653 721 693 des
755 652 998 694 Historiens
1032 653 1103 695 des
1125 655 1319 709 Gaules,)
1341 656 1444 696 have
1467 658 1602 697 stated

205 727 250 768 in
268 728 378 769 their
393 729 561 784 preface
584 738 627 771 to
649 731 721 771 the
743 731 987 786 eighteenth
1009 733 1190 782 volume,
1211 733 1302 774 that
1323 734 1406 774 this
1423 735 1539 775 work
1561 736 1609 775 of

207 804 410 847 Giraldus
445 822 528 848 was
553 810 780 863 composed
810 810 876 850 for
911 826 935 851 a
970 819 1108 866 party,
1140 813 1221 852 and
1257 819 1300 853 to
1329 812 1414 852 suit
1441 828 1464 852 a
1496 813 1603 866 poli-

204 883 306 924 tical
324 888 541 940 purpose.¹
603 887 695 928 The
721 888 857 929 whole
889 904 1062 944 passage
1095 890 1130 931 is
1163 906 1208 931 so
1242 891 1486 945 important,
1510 891 1600 930 that

202 962 239 1003 it
261 963 454 1005 deserves
474 965 682 1006 insertion
704 966 819 1007 here.

260 1044 288 1062 “
307 1041 523 1092 Giraldus,
559 1043 634 1097 qui
668 1059 774 1098 opus
809 1060 934 1086 suum
971 1046 1204 1097 Ludovico,
1241 1047 1429 1102 Philippi
1465 1048 1598 1101 Regis

201 1122 228 1140 “
246 1119 507 1161 Francorum
527 1122 630 1172 filio,
652 1137 741 1177 prae
764 1124 929 1164 caeteris
950 1124 1064 1164 illius
1087 1126 1166 1165 aevi
1188 1126 1449 1180 principibus
1471 1125 1598 1165 desti-

199 1198 432 1238 “nandum
454 1199 595 1250 duxit,
625 1216 690 1241 res
723 1216 799 1241 suo
829 1208 1017 1255 tempore
1045 1210 1196 1255 gestas,
1226 1209 1269 1242 et
1298 1202 1389 1242 aliis
1420 1202 1596 1256 scripto-

200 1277 226 1296 “
245 1276 363 1317 ribus
383 1276 471 1317 fere
492 1278 685 1328 intactas,
707 1279 996 1333 prosequitur,
1025 1280 1077 1320 ad
1106 1280 1403 1334 d'enigrandam
1427 1279 1594 1333 Angliae

199 1354 415 1408 “Regum
450 1371 472 1396 e
504 1355 634 1410 stirpe
670 1356 969 1411 Andegavensi
1012 1358 1180 1407 famam,
1227 1365 1270 1398 et
1311 1358 1595 1398 extollendam

198 1431 417 1487 “Regum
456 1434 730 1484 Francorum,
772 1442 857 1474 tam
894 1435 939 1475 in
979 1435 1107 1475 rebus
1144 1435 1341 1489 politicis,
1384 1451 1509 1489 quam
1551 1436 1593 1475 in

196 1514 223 1532 “
242 1511 459 1565 religionis
479 1513 601 1552 cultu
622 1512 934 1553 excellentiam.
1000 1512 1179 1567 Scripsit
1200 1513 1310 1553 enim
1333 1528 1381 1553 eo
1404 1521 1592 1567 tempore

196 1591 223 1609 ‘⁶
241 1604 327 1643 quo
350 1589 523 1644 Angliae
545 1591 737 1640 barones,
759 1591 1057 1631 dominationis
1079 1591 1478 1645 Plantagenctarum
1499 1606 1594 1645 pcr-

196 1670 223 1688 “
245 1668 337 1708 taesi
359 1675 402 1708 et
428 1669 705 1709 restituendae
726 1669 920 1723 pristinae
948 1669 1156 1709 libertatis
1183 1669 1408 1709 admodum
1433 1669 1591 1722 cupidi,

195 1745 222 1763 “
242 1744 534 1797 conjuratione
555 1744 666 1784 facta
697 1751 746 1785 ut
770 1744 977 1784 Joannem
1007 1744 1179 1797 Angliae
1216 1744 1380 1797 Regem
1410 1752 1453 1783 et
1486 1743 1590 1783 solio

195 1824 222 1842 ‘⁶
240 1821 530 1870 deturbarent,
564 1821 829 1862 Ludovicum
870 1819 1003 1875 Regis
1040 1822 1297 1862 Francorum
1332 1821 1480 1870 filium,
1523 1822 1589 1861 cui

195 1900 404 1940 “ratione
425 1900 573 1940 uxoris
601 1915 689 1940 suae
717 1900 789 1954 jus
817 1899 978 1953 aliquid
1002 1899 1045 1938 in
1080 1899 1250 1953 Angliae
1281 1914 1457 1952 regnum
1480 1913 1591 1939 com-

194 1981 221 1999 “
240 1978 428 2032 petebat,
452 1978 486 2018 si
511 1978 714 2032 justiores
744 1978 934 2018 haeredes
966 1978 1211 2026 defuissent,
1233 1977 1514 2026 advocarunt3
1549 1985 1592 2017 et

193 2058 218 2076 ‘⁶
239 2055 396 2096 viribus
412 2057 503 2111 ejus
521 2056 657 2111 adjuti
672 2055 883 2096 continuis
899 2055 1020 2095 bellis
1036 2055 1170 2109 spatio
1190 2055 1369 2095 duorum
1386 2069 1590 2094 annorum

193 2137 219 2155 “
237 2135 434 2175 adversus
447 2134 473 2174 J
476 2149 653 2174 oannem
672 2141 715 2174 et
727 2133 861 2174 filium
875 2134 966 2188 ejus
982 2133 1217 2174 Henricum
1232 2133 1272 2172 in
1289 2133 1587 2173 detrimentum

193 2216 218 2234 “
236 2213 386 2267 patriae
409 2212 690 2253 decertarunt.
753 2211 892 2266 Atqui
913 2211 1005 2252 haec
1030 2211 1197 2252 videtur
1225 2226 1349 2251 causa
1379 2226 1452 2251 cur
1483 2225 1588 2264 opus

192 2293 217 2311 “
238 2290 366 2339 istud,
388 2290 560 2345 publica
584 2290 678 2330 luce
700 2289 859 2343 alioqui
888 2289 1076 2342 dignum,
1109 2288 1311 2328 hactenus
1339 2288 1382 2327 in
1405 2288 1586 2328 tenebris

192 2372 217 2389 ‘⁴
237 2368 468 2409 delituerit.
531 2367 641 2408 Sane
661 2366 886 2408 Giraldum
905 2366 947 2406 in
964 2365 1246 2420 perduellium
1268 2366 1472 2405 baronum
1494 2380 1586 2404 sen-

191 2451 217 2468 “
237 2447 413 2487 tentiam
446 2446 591 2495 abiise,
625 2452 670 2485 et
704 2460 773 2485 eos
805 2445 962 2499 scripto
996 2445 1105 2484 forte
1138 2459 1214 2484 suo
1249 2444 1301 2483 ad
1340 2444 1582 2483 movendam

190 2529 216 2547 “
235 2525 485 2566 seditionem
507 2523 728 2573 excitasse,
746 2523 1017 2578 perspicuum
1041 2529 1104 2562 est
1131 2530 1222 2562 tum
1249 2536 1302 2561 ex
1333 2529 1420 2561 tota
1441 2521 1583 2574 scripti

187 2604 350 2654 “serie,
383 2610 473 2644 tum
500 2618 555 2643 ex
589 2601 856 2642 conclusione
889 2601 1039 2655 operiS,
1074 2601 1146 2641 ubi
1180 2600 1364 2640 delusam
1393 2614 1507 2652 spem
1538 2607 1579 2638 ct

189 2685 217 2704 “
235 2697 369 2722 cassos
391 2680 684 2722 dissidentium
707 2686 883 2720 conatus
904 2694 998 2719 cum
1019 2677 1296 2718 amaritudine.
1320 2677 1458 2717 deflet.

730 2789 736 2807 ¹
769 2788 843 2822 Vol.
865 2788 958 2821 xviii.
983 2790 1056 2820 121.
