<?xml version="1.0" encoding="UTF-8"?>
<!DOCTYPE html PUBLIC "-//W3C//DTD XHTML 1.0 Transitional//EN"
    "http://www.w3.org/TR/xhtml1/DTD/xhtml1-transitional.dtd">
<html xmlns="http://www.w3.org/1999/xhtml" xml:lang="en" lang="en">
 <head>
  <title>
</title>
<meta http-equiv="Content-Type" content="text/html;charset=utf-8" />
  <meta name='ocr-system' content='tesseract 3.04.00' />
  <meta name='ocr-capabilities' content='ocr_page ocr_carea ocr_par ocr_line ocrx_word'/>
</head>
<body>
  <div class='ocr_page' id='page_1' title='image "./giralduscambrens03girauoft_0100.png"; bbox 0 0 1908 3135; ppageno 0'>
   <div class='ocr_carea' id='block_1_1' title="bbox 359 273 1339 317">
    <p class='ocr_par' dir='ltr' id='par_1_1' title="bbox 359 273 1339 317">
     <span class='ocr_line' id='line_1_1' title="bbox 359 273 1339 317; baseline 0.005 -5"><span class='ocrx_word' id='word_1_1' title='bbox 359 273 413 313; x_wconf 89' lang='lat'>60</span> <span class='ocrx_word' id='word_1_2' title='bbox 771 284 1007 317; x_wconf 82' lang='lat' dir='ltr'><strong>GIRALDUS</strong></span> <span class='ocrx_word' id='word_1_3' title='bbox 1042 285 1339 317; x_wconf 85' lang='lat' dir='ltr'>CAMBRENSIS</span> 
     </span>
    </p>
   </div>
   <div class='ocr_carea' id='block_1_2' title="bbox 357 382 1763 1775">
    <p class='ocr_par' dir='ltr' id='par_1_2' title="bbox 357 382 1759 1307">
     <span class='ocr_line' id='line_1_2' title="bbox 358 382 1754 438; baseline 0.003 -16"><span class='ocrx_word' id='word_1_4' title='bbox 358 382 490 422; x_wconf 84' lang='lat' dir='ltr'>totius</span> <span class='ocrx_word' id='word_1_5' title='bbox 526 388 611 422; x_wconf 89' lang='lat' dir='ltr'>tam</span> <span class='ocrx_word' id='word_1_6' title='bbox 648 382 747 422; x_wconf 89' lang='lat' dir='ltr'>cleri</span> <span class='ocrx_word' id='word_1_7' title='bbox 785 398 910 437; x_wconf 85' lang='lat' dir='ltr'>quam</span> <span class='ocrx_word' id='word_1_8' title='bbox 946 384 1094 438; x_wconf 86' lang='lat' dir='ltr'>populi</span> <span class='ocrx_word' id='word_1_9' title='bbox 1130 385 1319 425; x_wconf 89' lang='lat' dir='ltr'>unanimi</span> <span class='ocrx_word' id='word_1_10' title='bbox 1349 391 1446 426; x_wconf 91' lang='lat' dir='ltr'>voto</span> <span class='ocrx_word' id='word_1_11' title='bbox 1480 391 1523 425; x_wconf 91' lang='lat' dir='ltr'>et</span> <span class='ocrx_word' id='word_1_12' title='bbox 1554 385 1754 426; x_wconf 87' lang='lat' dir='ltr'>acclama-</span> 
     </span>
     <span class='ocr_line' id='line_1_3' title="bbox 359 450 1754 507; baseline 0.003 -18"><span class='ocrx_word' id='word_1_13' title='bbox 359 450 486 499; x_wconf 84' lang='lat' dir='ltr'><strong>tione,</strong></span> <span class='ocrx_word' id='word_1_14' title='bbox 524 450 641 503; x_wconf 84' lang='lat' dir='ltr'>regni</span> <span class='ocrx_word' id='word_1_15' title='bbox 681 451 914 491; x_wconf 89' lang='lat' dir='ltr'>dominium</span> <span class='ocrx_word' id='word_1_16' title='bbox 949 466 1045 491; x_wconf 89' lang='lat' dir='ltr'>cum</span> <span class='ocrx_word' id='word_1_17' title='bbox 1086 452 1265 492; x_wconf 80' lang='lat' dir='ltr'>castellis</span> <span class='ocrx_word' id='word_1_18' title='bbox 1307 467 1478 507; x_wconf 89' lang='lat' dir='ltr'>quoque</span> <span class='ocrx_word' id='word_1_19' title='bbox 1520 468 1616 507; x_wconf 88' lang='lat' dir='ltr'>quae</span> <span class='ocrx_word' id='word_1_20' title='bbox 1656 460 1754 493; x_wconf 88' lang='lat' dir='ltr'>ante</span> 
     </span>
     <span class='ocr_line' id='line_1_4' title="bbox 358 517 1755 573; baseline 0.001 -16"><span class='ocrx_word' id='word_1_21' title='bbox 358 517 552 571; x_wconf 88' lang='lat' dir='ltr'>petierat,</span> <span class='ocrx_word' id='word_1_22' title='bbox 590 517 724 558; x_wconf 85' lang='lat' dir='ltr'>eidem</span> <span class='ocrx_word' id='word_1_23' title='bbox 765 518 923 559; x_wconf 88' lang='lat' dir='ltr'>obtulit</span> <span class='ocrx_word' id='word_1_24' title='bbox 960 525 1004 558; x_wconf 89' lang='lat' dir='ltr'>et</span> <span class='ocrx_word' id='word_1_25' title='bbox 1043 519 1380 572; x_wconf 83' lang='lat' dir='ltr'>subjectionem3</span> <span class='ocrx_word' id='word_1_26' title='bbox 1432 519 1671 573; x_wconf 81' lang='lat' dir='ltr'>supplicans</span> <span class='ocrx_word' id='word_1_27' title='bbox 1711 519 1755 559; x_wconf 93' lang='lat' dir='ltr'>in</span> 
     </span>
     <span class='ocr_line' id='line_1_5' title="bbox 357 582 1756 639; baseline 0.001 -16"><span class='ocrx_word' id='word_1_28' title='bbox 357 582 595 638; x_wconf 80' lang='lat' dir='ltr'>lachrymiS,</span> <span class='ocrx_word' id='word_1_29' title='bbox 637 590 680 624; x_wconf 89' lang='lat' dir='ltr'>et</span> <span class='ocrx_word' id='word_1_30' title='bbox 719 584 772 623; x_wconf 87' lang='lat' dir='ltr'>ad</span> <span class='ocrx_word' id='word_1_31' title='bbox 813 585 928 638; x_wconf 86' lang='lat' dir='ltr'>regia</span> <span class='ocrx_word' id='word_1_32' title='bbox 965 599 1104 638; x_wconf 84' lang='lat' dir='ltr'>genua</span> <span class='ocrx_word' id='word_1_33' title='bbox 1142 586 1390 639; x_wconf 84' lang='lat' dir='ltr'>provolutus</span> <span class='ocrx_word' id='word_1_34' title='bbox 1427 586 1646 626; x_wconf 87' lang='lat' dir='ltr'>humiliter</span> <span class='ocrx_word' id='word_1_35' title='bbox 1685 586 1756 626; x_wconf 91' lang='lat' dir='ltr'>de-</span> 
     </span>
     <span class='ocr_line' id='line_1_6' title="bbox 358 651 1755 706; baseline 0.001 -16"><span class='ocrx_word' id='word_1_36' title='bbox 358 651 540 705; x_wconf 84' lang='lat' dir='ltr'>plorans,</span> <span class='ocrx_word' id='word_1_37' title='bbox 573 656 784 705; x_wconf 82' lang='lat' dir='ltr'>quatenus</span> <span class='ocrx_word' id='word_1_38' title='bbox 818 651 869 691; x_wconf 85' lang='lat' dir='ltr'>ad</span> <span class='ocrx_word' id='word_1_39' title='bbox 902 657 1025 691; x_wconf 88' lang='lat' dir='ltr'>terrae</span> <span class='ocrx_word' id='word_1_40' title='bbox 1062 658 1216 692; x_wconf 78' lang='lat' dir='ltr'>sanctae</span> <span class='ocrx_word' id='word_1_41' title='bbox 1247 653 1299 692; x_wconf 90' lang='lat' dir='ltr'>ab</span> <span class='ocrx_word' id='word_1_42' title='bbox 1331 653 1523 693; x_wconf 86' lang='lat' dir='ltr'>hostibus</span> <span class='ocrx_word' id='word_1_43' title='bbox 1542 652 1641 693; x_wconf 89' lang='lat' dir='ltr'>fidei</span> <span class='ocrx_word' id='word_1_44' title='bbox 1667 653 1755 706; x_wconf 85' lang='lat' dir='ltr'>jam</span> 
     </span>
     <span class='ocr_line' id='line_1_7' title="bbox 360 717 1758 774; baseline 0.001 -17"><span class='ocrx_word' id='word_1_45' title='bbox 360 718 629 772; x_wconf 80' lang='lat' dir='ltr'>desperanter</span> <span class='ocrx_word' id='word_1_46' title='bbox 664 717 847 769; x_wconf 89' lang='lat' dir='ltr'>afflictae,</span> <span class='ocrx_word' id='word_1_47' title='bbox 878 718 1154 773; x_wconf 88' lang='lat' dir='ltr'>specialisque</span> <span class='ocrx_word' id='word_1_48' title='bbox 1188 718 1435 774; x_wconf 81' lang='lat' dir='ltr'>patrimonii</span> <span class='ocrx_word' id='word_1_49' title='bbox 1465 719 1620 759; x_wconf 84' lang='lat' dir='ltr'>Christi</span> <span class='ocrx_word' id='word_1_50' title='bbox 1654 718 1758 759; x_wconf 84' lang='lat' dir='ltr'>Jesu</span> 
     </span>
     <span class='ocr_line' id='line_1_8' title="bbox 361 785 1756 840; baseline 0 -15"><span class='ocrx_word' id='word_1_51' title='bbox 361 785 681 826; x_wconf 82' lang='lat' dir='ltr'>subventionem</span> <span class='ocrx_word' id='word_1_52' title='bbox 699 785 1023 826; x_wconf 87' lang='lat' dir='ltr'>misericorditer</span> <span class='ocrx_word' id='word_1_53' title='bbox 1037 792 1288 827; x_wconf 87' lang='lat' dir='ltr'>moveretur.</span> <span class='ocrx_word' id='word_1_54' title='bbox 1341 786 1548 840; x_wconf 86' lang='lat' dir='ltr'>Alioquin</span> <span class='ocrx_word' id='word_1_55' title='bbox 1571 800 1756 826; x_wconf 86' lang='lat' dir='ltr'>asserens</span> 
     </span>
     <span class='ocr_line' id='line_1_9' title="bbox 362 850 1756 907; baseline 0.001 -16"><span class='ocrx_word' id='word_1_56' title='bbox 362 850 494 906; x_wconf 86' lang='lat' dir='ltr'>(quod</span> <span class='ocrx_word' id='word_1_57' title='bbox 524 852 633 892; x_wconf 89' lang='lat' dir='ltr'>infra</span> <span class='ocrx_word' id='word_1_58' title='bbox 665 851 886 892; x_wconf 90' lang='lat' dir='ltr'>biennium</span> <span class='ocrx_word' id='word_1_59' title='bbox 920 859 1016 907; x_wconf 85' lang='lat' dir='ltr'>post</span> <span class='ocrx_word' id='word_1_60' title='bbox 1047 853 1187 893; x_wconf 89' lang='lat' dir='ltr'>evenit</span> <span class='ocrx_word' id='word_1_61' title='bbox 1205 853 1234 906; x_wconf 89' lang='lat'>1)</span> <span class='ocrx_word' id='word_1_62' title='bbox 1267 859 1310 893; x_wconf 92' lang='lat' dir='ltr'>et</span> <span class='ocrx_word' id='word_1_63' title='bbox 1333 860 1473 893; x_wconf 88' lang='lat' dir='ltr'>mente</span> <span class='ocrx_word' id='word_1_64' title='bbox 1505 852 1756 906; x_wconf 86' lang='lat' dir='ltr'>plerumque</span> 
     </span>
     <span class='ocr_line' id='line_1_10' title="bbox 360 919 1757 973; baseline 0 -15"><span class='ocrx_word' id='word_1_65' title='bbox 360 934 533 973; x_wconf 87' lang='lat' dir='ltr'>presaga</span> <span class='ocrx_word' id='word_1_66' title='bbox 548 919 754 958; x_wconf 86' lang='lat' dir='ltr'>malorum</span> <span class='ocrx_word' id='word_1_67' title='bbox 770 919 946 960; x_wconf 90' lang='lat' dir='ltr'>firmiter</span> <span class='ocrx_word' id='word_1_68' title='bbox 963 934 1214 968; x_wconf 83' lang='lat' dir='ltr'>asseverans,</span> <span class='ocrx_word' id='word_1_69' title='bbox 1228 935 1404 973; x_wconf 84' lang='lat' dir='ltr'>regnum</span> <span class='ocrx_word' id='word_1_70' title='bbox 1418 919 1658 960; x_wconf 86' lang='lat' dir='ltr'>universum</span> <span class='ocrx_word' id='word_1_71' title='bbox 1679 919 1723 958; x_wconf 92' lang='lat' dir='ltr'>in</span> <span class='ocrx_word' id='word_1_72' title='bbox 1741 922 1757 944; x_wconf 70' lang='lat'><strong>²</strong></span> 
     </span>
     <span class='ocr_line' id='line_1_11' title="bbox 364 985 1758 1040; baseline 0 -15"><span class='ocrx_word' id='word_1_73' title='bbox 364 986 667 1026; x_wconf 88' lang='lat' dir='ltr'>Saracenorum</span> <span class='ocrx_word' id='word_1_74' title='bbox 697 992 740 1025; x_wconf 89' lang='lat' dir='ltr'>et</span> <span class='ocrx_word' id='word_1_75' title='bbox 778 985 952 1035; x_wconf 88' lang='lat' dir='ltr'>Saldini,</span> <span class='ocrx_word' id='word_1_76' title='bbox 985 992 1070 1025; x_wconf 86' lang='lat' dir='ltr'>tam</span> <span class='ocrx_word' id='word_1_77' title='bbox 1106 986 1389 1039; x_wconf 83' lang='lat' dir='ltr'>Egyptiorum</span> <span class='ocrx_word' id='word_1_78' title='bbox 1426 1001 1552 1040; x_wconf 89' lang='lat' dir='ltr'>quam</span> <span class='ocrx_word' id='word_1_79' title='bbox 1582 985 1758 1025; x_wconf 87' lang='lat' dir='ltr'>Damas-</span> 
     </span>
     <span class='ocr_line' id='line_1_12' title="bbox 363 1052 1759 1106; baseline -0.001 -14"><span class='ocrx_word' id='word_1_80' title='bbox 363 1067 562 1092; x_wconf 87' lang='lat' dir='ltr'>cenorum</span> <span class='ocrx_word' id='word_1_81' title='bbox 584 1058 685 1093; x_wconf 90' lang='lat' dir='ltr'>tunc</span> <span class='ocrx_word' id='word_1_82' title='bbox 705 1052 923 1106; x_wconf 88' lang='lat' dir='ltr'>principis,</span> <span class='ocrx_word' id='word_1_83' title='bbox 935 1067 1084 1092; x_wconf 86' lang='lat' dir='ltr'>manus</span> <span class='ocrx_word' id='word_1_84' title='bbox 1097 1052 1315 1106; x_wconf 83' lang='lat' dir='ltr'>sacrilegas</span> <span class='ocrx_word' id='word_1_85' title='bbox 1336 1052 1379 1092; x_wconf 91' lang='lat' dir='ltr'>in</span> <span class='ocrx_word' id='word_1_86' title='bbox 1400 1053 1517 1093; x_wconf 88' lang='lat' dir='ltr'>brevi</span> <span class='ocrx_word' id='word_1_87' title='bbox 1538 1052 1759 1092; x_wconf 90' lang='lat' dir='ltr'>devolven-</span> 
     </span>
     <span class='ocr_line' id='line_1_13' title="bbox 364 1118 1758 1173; baseline -0.001 -14"><span class='ocrx_word' id='word_1_88' title='bbox 364 1120 477 1159; x_wconf 89' lang='lat' dir='ltr'>dum.</span> <span class='ocrx_word' id='word_1_89' title='bbox 538 1118 723 1159; x_wconf 84' lang='lat' dir='ltr'>Litteras</span> <span class='ocrx_word' id='word_1_90' title='bbox 740 1119 867 1159; x_wconf 86' lang='lat' dir='ltr'>etiam</span> <span class='ocrx_word' id='word_1_91' title='bbox 888 1126 1131 1173; x_wconf 83' lang='lat' dir='ltr'>magnatum</span> <span class='ocrx_word' id='word_1_92' title='bbox 1150 1119 1268 1173; x_wconf 83' lang='lat' dir='ltr'>regni</span> <span class='ocrx_word' id='word_1_93' title='bbox 1290 1119 1491 1168; x_wconf 85' lang='lat' dir='ltr'>virorum,</span> <span class='ocrx_word' id='word_1_94' title='bbox 1521 1119 1650 1173; x_wconf 81' lang='lat' dir='ltr'>signis</span> <span class='ocrx_word' id='word_1_95' title='bbox 1673 1119 1758 1159; x_wconf 89' lang='lat' dir='ltr'>suis</span> 
     </span>
     <span class='ocr_line' id='line_1_14' title="bbox 364 1186 1758 1240; baseline -0.001 -14"><span class='ocrx_word' id='word_1_96' title='bbox 364 1186 583 1240; x_wconf 88' lang='lat' dir='ltr'>impressas</span> <span class='ocrx_word' id='word_1_97' title='bbox 605 1186 648 1226; x_wconf 86' lang='lat' dir='ltr'>id</span> <span class='ocrx_word' id='word_1_98' title='bbox 666 1193 803 1226; x_wconf 88' lang='lat' dir='ltr'>totum</span> <span class='ocrx_word' id='word_1_99' title='bbox 825 1186 1110 1234; x_wconf 80' lang='lat' dir='ltr'>testificantes,</span> <span class='ocrx_word' id='word_1_100' title='bbox 1130 1201 1303 1240; x_wconf 86' lang='lat' dir='ltr'>seseque</span> <span class='ocrx_word' id='word_1_101' title='bbox 1324 1201 1379 1225; x_wconf 84' lang='lat' dir='ltr'>ex</span> <span class='ocrx_word' id='word_1_102' title='bbox 1397 1193 1500 1236; x_wconf 89' lang='lat' dir='ltr'>toto,</span> <span class='ocrx_word' id='word_1_103' title='bbox 1516 1201 1610 1226; x_wconf 86' lang='lat' dir='ltr'>cum</span> <span class='ocrx_word' id='word_1_104' title='bbox 1628 1199 1758 1239; x_wconf 83' lang='lat' dir='ltr'>regno</span> 
     </span>
     <span class='ocr_line' id='line_1_15' title="bbox 364 1252 1636 1307; baseline 0 -15"><span class='ocrx_word' id='word_1_105' title='bbox 364 1253 559 1293; x_wconf 87' lang='lat' dir='ltr'>universo</span> <span class='ocrx_word' id='word_1_106' title='bbox 581 1267 656 1292; x_wconf 92' lang='lat' dir='ltr'>suo</span> <span class='ocrx_word' id='word_1_107' title='bbox 678 1253 913 1292; x_wconf 88' lang='lat' dir='ltr'>dominatui</span> <span class='ocrx_word' id='word_1_108' title='bbox 935 1253 1250 1302; x_wconf 79' lang='lat' dir='ltr'>submittentes,</span> <span class='ocrx_word' id='word_1_109' title='bbox 1273 1252 1409 1293; x_wconf 88' lang='lat' dir='ltr'>eidem</span> <span class='ocrx_word' id='word_1_110' title='bbox 1430 1252 1636 1307; x_wconf 82' lang='lat' dir='ltr'>porrexit.</span> 
     </span>
    </p>

    <p class='ocr_par' dir='ltr' id='par_1_3' title="bbox 364 1318 1763 1775">
     <span class='ocr_line' id='line_1_16' title="bbox 421 1318 1759 1373; baseline -0.001 -14"><span class='ocrx_word' id='word_1_111' title='bbox 421 1319 493 1359; x_wconf 89' lang='lat' dir='ltr'>Ad</span> <span class='ocrx_word' id='word_1_112' title='bbox 530 1319 622 1359; x_wconf 86' lang='lat' dir='ltr'>haec</span> <span class='ocrx_word' id='word_1_113' title='bbox 655 1319 817 1359; x_wconf 80' lang='lat' dir='ltr'>litteras</span> <span class='ocrx_word' id='word_1_114' title='bbox 856 1319 1008 1359; x_wconf 87' lang='lat' dir='ltr'>summi</span> <span class='ocrx_word' id='word_1_115' title='bbox 1042 1319 1274 1368; x_wconf 87' lang='lat' dir='ltr'>Pontificis,</span> <span class='ocrx_word' id='word_1_116' title='bbox 1313 1319 1386 1373; x_wconf 89' lang='lat' dir='ltr'>qui</span> <span class='ocrx_word' id='word_1_117' title='bbox 1428 1326 1529 1359; x_wconf 89' lang='lat' dir='ltr'>tunc</span> <span class='ocrx_word' id='word_1_118' title='bbox 1568 1318 1759 1373; x_wconf 77' lang='lat' dir='ltr'>praefuit,</span> 
     </span>
     <span class='ocr_line' id='line_1_17' title="bbox 365 1386 1761 1440; baseline 0 -14"><span class='ocrx_word' id='word_1_119' title='bbox 365 1386 503 1436; x_wconf 89' lang='lat' dir='ltr'>Lucii,</span> <span class='ocrx_word' id='word_1_120' title='bbox 540 1386 744 1426; x_wconf 87' lang='lat' dir='ltr'>suasorias</span> <span class='ocrx_word' id='word_1_121' title='bbox 784 1386 958 1440; x_wconf 87' lang='lat' dir='ltr'>quidem</span> <span class='ocrx_word' id='word_1_122' title='bbox 997 1387 1049 1426; x_wconf 90' lang='lat' dir='ltr'>ad</span> <span class='ocrx_word' id='word_1_123' title='bbox 1087 1386 1165 1426; x_wconf 89' lang='lat' dir='ltr'>hoc</span> <span class='ocrx_word' id='word_1_124' title='bbox 1208 1386 1538 1440; x_wconf 80' lang='lat' dir='ltr'>aggrediendum</span> <span class='ocrx_word' id='word_1_125' title='bbox 1592 1386 1681 1438; x_wconf 84' lang='lat' dir='ltr'>(scd</span> <span class='ocrx_word' id='word_1_126' title='bbox 1719 1392 1761 1426; x_wconf 87' lang='lat' dir='ltr'>et</span> 
     </span>
     <span class='ocr_line' id='line_1_18' title="bbox 364 1454 1762 1508; baseline 0 -15"><span class='ocrx_word' id='word_1_127' title='bbox 364 1454 526 1493; x_wconf 87' lang='lat' dir='ltr'>utinam</span> <span class='ocrx_word' id='word_1_128' title='bbox 546 1454 828 1508; x_wconf 82' lang='lat' dir='ltr'>persuasorias</span> <span class='ocrx_word' id='word_1_129' title='bbox 845 1455 853 1493; x_wconf 68' lang='grc' dir='ltr'>Σ</span> <span class='ocrx_word' id='word_1_130' title='bbox 870 1455 908 1507; x_wconf 82' lang='grc'>);</span> <span class='ocrx_word' id='word_1_131' title='bbox 942 1454 1177 1494; x_wconf 88' lang='lat' dir='ltr'>districtum</span> <span class='ocrx_word' id='word_1_132' title='bbox 1202 1469 1373 1508; x_wconf 85' lang='lat' dir='ltr'>quoque</span> <span class='ocrx_word' id='word_1_133' title='bbox 1403 1455 1446 1494; x_wconf 89' lang='lat' dir='ltr'>in</span> <span class='ocrx_word' id='word_1_134' title='bbox 1470 1454 1567 1502; x_wconf 91' lang='lat' dir='ltr'>fine,</span> <span class='ocrx_word' id='word_1_135' title='bbox 1589 1461 1762 1507; x_wconf 89' lang='lat' dir='ltr'>propter</span> 
     </span>
     <span class='ocr_line' id='line_1_19' title="bbox 365 1519 1761 1574; baseline 0 -15"><span class='ocrx_word' id='word_1_136' title='bbox 365 1520 643 1573; x_wconf 82' lang='lat' dir='ltr'>obligationes</span> <span class='ocrx_word' id='word_1_137' title='bbox 669 1520 769 1559; x_wconf 91' lang='lat' dir='ltr'>olim</span> <span class='ocrx_word' id='word_1_138' title='bbox 801 1535 928 1574; x_wconf 87' lang='lat' dir='ltr'>super</span> <span class='ocrx_word' id='word_1_139' title='bbox 959 1521 1038 1560; x_wconf 88' lang='lat' dir='ltr'>hoc</span> <span class='ocrx_word' id='word_1_140' title='bbox 1060 1521 1203 1569; x_wconf 87' lang='lat' dir='ltr'>factas,</span> <span class='ocrx_word' id='word_1_141' title='bbox 1228 1528 1269 1561; x_wconf 89' lang='lat' dir='ltr'>et</span> <span class='ocrx_word' id='word_1_142' title='bbox 1295 1519 1591 1574; x_wconf 86' lang='lat' dir='ltr'>promissiones</span> <span class='ocrx_word' id='word_1_143' title='bbox 1623 1534 1761 1560; x_wconf 86' lang='lat' dir='ltr'>coram</span> 
     </span>
     <span class='ocr_line' id='line_1_20' title="bbox 367 1586 1762 1640; baseline -0.001 -14"><span class='ocrx_word' id='word_1_144' title='bbox 367 1586 536 1640; x_wconf 80' lang='lat' dir='ltr'>Legatis</span> <span class='ocrx_word' id='word_1_145' title='bbox 579 1593 622 1626; x_wconf 87' lang='lat' dir='ltr'>et</span> <span class='ocrx_word' id='word_1_146' title='bbox 668 1586 872 1626; x_wconf 77' lang='lat' dir='ltr'>Ecclesiae</span> <span class='ocrx_word' id='word_1_147' title='bbox 916 1587 1122 1627; x_wconf 85' lang='lat' dir='ltr'>Romanae</span> <span class='ocrx_word' id='word_1_148' title='bbox 1165 1587 1459 1627; x_wconf 85' lang='lat' dir='ltr'>Cardinalibus</span> <span class='ocrx_word' id='word_1_149' title='bbox 1503 1593 1762 1627; x_wconf 86' lang='lat' dir='ltr'>sacramento</span> 
     </span>
     <span class='ocr_line' id='line_1_21' title="bbox 365 1652 1763 1707; baseline 0.001 -15"><span class='ocrx_word' id='word_1_150' title='bbox 365 1652 562 1702; x_wconf 80' lang='lat' dir='ltr'>firmatas,</span> <span class='ocrx_word' id='word_1_151' title='bbox 595 1659 856 1707; x_wconf 77' lang='lat' dir='ltr'>praeceptum</span> <span class='ocrx_word' id='word_1_152' title='bbox 895 1654 972 1694; x_wconf 89' lang='lat' dir='ltr'>sub</span> <span class='ocrx_word' id='word_1_153' title='bbox 1011 1654 1354 1694; x_wconf 86' lang='lat' dir='ltr'>interminatione</span> <span class='ocrx_word' id='word_1_154' title='bbox 1394 1654 1671 1702; x_wconf 81' lang='lat' dir='ltr'>continentes,</span> <span class='ocrx_word' id='word_1_155' title='bbox 1723 1653 1763 1693; x_wconf 88' lang='lat' dir='ltr'>ei</span> 
     </span>
     <span class='ocr_line' id='line_1_22' title="bbox 367 1719 1664 1775; baseline 0.001 -16"><span class='ocrx_word' id='word_1_156' title='bbox 367 1719 558 1760; x_wconf 88' lang='lat' dir='ltr'>similiter</span> <span class='ocrx_word' id='word_1_157' title='bbox 579 1720 725 1760; x_wconf 90' lang='lat' dir='ltr'>nuncii</span> <span class='ocrx_word' id='word_1_158' title='bbox 747 1720 876 1775; x_wconf 82' lang='lat' dir='ltr'>Papae</span> <span class='ocrx_word' id='word_1_159' title='bbox 900 1727 1000 1761; x_wconf 88' lang='lat' dir='ltr'>tunc</span> <span class='ocrx_word' id='word_1_160' title='bbox 1022 1728 1259 1775; x_wconf 86' lang='lat' dir='ltr'>portarunt,</span> <span class='ocrx_word' id='word_1_161' title='bbox 1282 1721 1326 1761; x_wconf 86' lang='lat' dir='ltr'>in</span> <span class='ocrx_word' id='word_1_162' title='bbox 1345 1721 1457 1761; x_wconf 89' lang='lat' dir='ltr'>hunc</span> <span class='ocrx_word' id='word_1_163' title='bbox 1479 1721 1664 1761; x_wconf 86' lang='lat' dir='ltr'>modum.</span> 
     </span>
    </p>
   </div>
   <div class='ocr_carea' id='block_1_3' title="bbox 924 1861 1221 1903">
    <p class='ocr_par' dir='ltr' id='par_1_4' title="bbox 924 1861 1221 1903">
     <span class='ocr_line' id='line_1_23' title="bbox 924 1861 1221 1903; baseline 0.003 -2"><span class='ocrx_word' id='word_1_164' title='bbox 924 1861 1030 1902; x_wconf 81' lang='lat' dir='ltr'>CAP.</span> <span class='ocrx_word' id='word_1_165' title='bbox 1064 1862 1221 1903; x_wconf 87' lang='lat' dir='ltr'>XXV.</span> 
     </span>
    </p>
   </div>
   <div class='ocr_carea' id='block_1_4' title="bbox 370 1960 1765 2068">
    <p class='ocr_par' dir='ltr' id='par_1_5' title="bbox 370 1960 1765 2068">
     <span class='ocr_line' id='line_1_24' title="bbox 370 1960 1765 2014; baseline -0.001 -13"><span class='ocrx_word' id='word_1_166' title='bbox 370 1962 542 2001; x_wconf 65' lang='lat' dir='ltr'>Littera?</span> <span class='ocrx_word' id='word_1_167' title='bbox 562 1961 689 2001; x_wconf 67' lang='lat' dir='ltr'>Lucii</span> <span class='ocrx_word' id='word_1_168' title='bbox 719 1961 880 2014; x_wconf 68' lang='lat' dir='ltr'>Papae,³</span> <span class='ocrx_word' id='word_1_169' title='bbox 902 1967 985 2000; x_wconf 74' lang='lat' dir='ltr'>tam</span> <span class='ocrx_word' id='word_1_170' title='bbox 1003 1962 1226 2001; x_wconf 66' lang='lat' dir='ltr'>monitoris&amp;</span> <span class='ocrx_word' id='word_1_171' title='bbox 1248 1975 1369 2014; x_wconf 78' lang='lat' dir='ltr'>quam</span> <span class='ocrx_word' id='word_1_172' title='bbox 1392 1961 1632 2010; x_wconf 70' lang='lat' dir='ltr'>minatoriae,</span> <span class='ocrx_word' id='word_1_173' title='bbox 1654 1960 1765 2013; x_wconf 66' lang='lat' dir='ltr'>Reyi</span> 
     </span>
     <span class='ocr_line' id='line_1_25' title="bbox 820 2028 1323 2068; baseline 0 -1"><span class='ocrx_word' id='word_1_174' title='bbox 820 2029 1006 2068; x_wconf 76' lang='lat' dir='ltr'>Henrico</span> <span class='ocrx_word' id='word_1_175' title='bbox 1029 2032 1123 2067; x_wconf 71' lang='lat' dir='ltr'>tunc</span> <span class='ocrx_word' id='word_1_176' title='bbox 1145 2028 1323 2068; x_wconf 74' lang='lat' dir='ltr'>direclae.</span> 
     </span>
    </p>
   </div>
   <div class='ocr_carea' id='block_1_5' title="bbox 157 2104 1767 2168">
    <p class='ocr_par' dir='ltr' id='par_1_6' title="bbox 157 2104 1767 2168">
     <span class='ocr_line' id='line_1_26' title="bbox 157 2104 1767 2168; baseline -0.001 -13"><span class='ocrx_word' id='word_1_177' title='bbox 157 2104 346 2163; x_wconf 54' lang='lat' dir='ltr'>fflssffitffi‘fff</span> <span class='ocrx_word' id='word_1_178' title='bbox 431 2118 458 2137; x_wconf 79' lang='lat'>‘⁶</span> <span class='ocrx_word' id='word_1_179' title='bbox 477 2115 644 2155; x_wconf 87' lang='lat' dir='ltr'>LUCIUS</span> <span class='ocrx_word' id='word_1_180' title='bbox 676 2115 927 2168; x_wconf 87' lang='lat' dir='ltr'>Episcopus,</span> <span class='ocrx_word' id='word_1_181' title='bbox 951 2128 1091 2154; x_wconf 90' lang='lat' dir='ltr'>servus</span> <span class='ocrx_word' id='word_1_182' title='bbox 1122 2129 1333 2154; x_wconf 86' lang='lat' dir='ltr'>servorum</span> <span class='ocrx_word' id='word_1_183' title='bbox 1355 2114 1452 2163; x_wconf 80' lang='lat' dir='ltr'>Dei,</span> <span class='ocrx_word' id='word_1_184' title='bbox 1485 2113 1696 2154; x_wconf 89' lang='lat' dir='ltr'>carissimo</span> <span class='ocrx_word' id='word_1_185' title='bbox 1724 2114 1767 2153; x_wconf 88' lang='lat' dir='ltr'>in</span> 
     </span>
    </p>
   </div>
   <div class='ocr_carea' id='block_1_6' title="bbox 160 2174 1768 2235">
    <p class='ocr_par' dir='ltr' id='par_1_7' title="bbox 160 2174 1768 2235">
     <span class='ocr_line' id='line_1_27' title="bbox 160 2174 1768 2235; baseline -0.001 -14"><span class='ocrx_word' id='word_1_186' title='bbox 160 2174 326 2235; x_wconf 48' lang='lat' dir='ltr'>ggssgassffiss’g</span> <span class='ocrx_word' id='word_1_187' title='bbox 376 2182 543 2222; x_wconf 87' lang='lat' dir='ltr'>Christo</span> <span class='ocrx_word' id='word_1_188' title='bbox 582 2181 669 2221; x_wconf 87' lang='lat' dir='ltr'>filio</span> <span class='ocrx_word' id='word_1_189' title='bbox 716 2181 903 2221; x_wconf 87' lang='lat' dir='ltr'>Henrico</span> <span class='ocrx_word' id='word_1_190' title='bbox 952 2181 1108 2221; x_wconf 86' lang='lat' dir='ltr'>illustri</span> <span class='ocrx_word' id='word_1_191' title='bbox 1144 2180 1383 2234; x_wconf 84' lang='lat' dir='ltr'>Anglorum</span> <span class='ocrx_word' id='word_1_192' title='bbox 1421 2180 1547 2233; x_wconf 83' lang='lat' dir='ltr'>Regi,</span> <span class='ocrx_word' id='word_1_193' title='bbox 1589 2180 1768 2220; x_wconf 86' lang='lat' dir='ltr'>salutem</span> 
     </span>
    </p>
   </div>
   <div class='ocr_carea' id='block_1_7' title="bbox 159 2237 1770 2436">
    <p class='ocr_par' dir='ltr' id='par_1_8' title="bbox 159 2237 1502 2262">
     <span class='ocr_line' id='line_1_28' title="bbox 159 2237 1502 2262; baseline -0.008 0"><span class='ocrx_word' id='word_1_194' title='bbox 159 2237 202 2262; x_wconf 83' lang='lat' dir='ltr'>aid</span> <span class='ocrx_word' id='word_1_195' title='bbox 214 2237 255 2261; x_wconf 80' lang='lat' dir='ltr'>for</span> <span class='ocrx_word' id='word_1_196' title='bbox 267 2237 313 2261; x_wconf 87' lang='lat' dir='ltr'>the</span> <span class='ocrx_word' id='word_1_197' title='bbox 635 2248 642 2256; x_wconf 80' lang='grc'><em>.</em></span> <span class='ocrx_word' id='word_1_198' title='bbox 925 2248 932 2255; x_wconf 94' lang='grc'><em>.</em></span> <span class='ocrx_word' id='word_1_199' title='bbox 984 2248 992 2255; x_wconf 91' lang='grc'><strong>.</strong></span> <span class='ocrx_word' id='word_1_200' title='bbox 1494 2247 1502 2254; x_wconf 92' lang='grc'><strong>.</strong></span> 
     </span>
    </p>

    <p class='ocr_par' dir='ltr' id='par_1_9' title="bbox 160 2247 1770 2436">
     <span class='ocr_line' id='line_1_29' title="bbox 163 2247 1770 2306; baseline -0.005 -12"><span class='ocrx_word' id='word_1_201' title='bbox 163 2270 233 2301; x_wconf 85' lang='lat' dir='ltr'>Holy</span> <span class='ocrx_word' id='word_1_202' title='bbox 247 2268 332 2306; x_wconf 57' lang='lat' dir='ltr'>Lapa,</span> <span class='ocrx_word' id='word_1_203' title='bbox 376 2256 419 2289; x_wconf 82' lang='lat' dir='ltr'>et</span> <span class='ocrx_word' id='word_1_204' title='bbox 467 2249 737 2302; x_wconf 80' lang='lat' dir='ltr'>apostolicam</span> <span class='ocrx_word' id='word_1_205' title='bbox 783 2248 1133 2288; x_wconf 79' lang='lat' dir='ltr'>benedictionem.</span> <span class='ocrx_word' id='word_1_206' title='bbox 1216 2247 1324 2287; x_wconf 87' lang='lat' dir='ltr'>Cum</span> <span class='ocrx_word' id='word_1_207' title='bbox 1364 2254 1505 2287; x_wconf 84' lang='lat' dir='ltr'>cunctl</span> <span class='ocrx_word' id='word_1_208' title='bbox 1553 2247 1770 2300; x_wconf 85' lang='lat' dir='ltr'>prodeces-</span> 
     </span>
     <span class='ocr_line' id='line_1_30' title="bbox 160 2303 1768 2369; baseline -0.004 -10"><span class='ocrx_word' id='word_1_209' title='bbox 160 2303 359 2366; x_wconf 49' lang='grc' dir='ltr'>ῗὲῑῗιζςῖῗὲιιιῗγῐῖξ</span> <span class='ocrx_word' id='word_1_210' title='bbox 377 2331 488 2356; x_wconf 80' lang='lat' dir='ltr'>sores</span> <span class='ocrx_word' id='word_1_211' title='bbox 520 2316 583 2355; x_wconf 91' lang='lat' dir='ltr'>tui</span> <span class='ocrx_word' id='word_1_212' title='bbox 615 2330 704 2369; x_wconf 88' lang='lat' dir='ltr'>prae</span> <span class='ocrx_word' id='word_1_213' title='bbox 743 2315 890 2355; x_wconf 88' lang='lat' dir='ltr'>ceteris</span> <span class='ocrx_word' id='word_1_214' title='bbox 921 2321 1046 2355; x_wconf 83' lang='lat' dir='ltr'>terrae</span> <span class='ocrx_word' id='word_1_215' title='bbox 1081 2315 1342 2369; x_wconf 88' lang='lat' dir='ltr'>principibus</span> <span class='ocrx_word' id='word_1_216' title='bbox 1373 2329 1583 2354; x_wconf 85' lang='lat' dir='ltr'>armorum</span> <span class='ocrx_word' id='word_1_217' title='bbox 1622 2314 1768 2367; x_wconf 82' lang='lat' dir='ltr'>gloria,</span> 
     </span>
     <span class='ocr_line' id='line_1_31' title="bbox 161 2367 1770 2436; baseline -0.004 -10"><span class='ocrx_word' id='word_1_218' title='bbox 161 2367 350 2426; x_wconf 43' lang='lat' dir='ltr'>iiissnxissifftff</span> <span class='ocrx_word' id='word_1_219' title='bbox 377 2390 425 2423; x_wconf 92' lang='lat' dir='ltr'>ut</span> <span class='ocrx_word' id='word_1_220' title='bbox 443 2382 571 2423; x_wconf 86' lang='lat' dir='ltr'>animi</span> <span class='ocrx_word' id='word_1_221' title='bbox 594 2382 817 2422; x_wconf 88' lang='lat' dir='ltr'>nobilitate</span> <span class='ocrx_word' id='word_1_222' title='bbox 846 2382 969 2436; x_wconf 82' lang='lat' dir='ltr'>longe</span> <span class='ocrx_word' id='word_1_223' title='bbox 990 2389 1102 2422; x_wconf 86' lang='lat' dir='ltr'>retro</span> <span class='ocrx_word' id='word_1_224' title='bbox 1124 2382 1379 2430; x_wconf 91' lang='lat' dir='ltr'>claruerunt,</span> <span class='ocrx_word' id='word_1_225' title='bbox 1403 2395 1560 2434; x_wconf 86' lang='lat' dir='ltr'>eosque</span> <span class='ocrx_word' id='word_1_226' title='bbox 1581 2380 1770 2420; x_wconf 88' lang='lat' dir='ltr'>fidelium</span> 
     </span>
    </p>
   </div>
   <div class='ocr_carea' id='block_1_8' title="bbox 376 2447 1772 2635">
    <p class='ocr_par' dir='ltr' id='par_1_10' title="bbox 376 2447 1772 2635">
     <span class='ocr_line' id='line_1_32' title="bbox 376 2447 1769 2504; baseline -0.002 -15"><span class='ocrx_word' id='word_1_227' title='bbox 376 2449 559 2504; x_wconf 89' lang='lat' dir='ltr'>populus</span> <span class='ocrx_word' id='word_1_228' title='bbox 609 2449 763 2489; x_wconf 88' lang='lat' dir='ltr'>habere</span> <span class='ocrx_word' id='word_1_229' title='bbox 818 2449 863 2488; x_wconf 89' lang='lat' dir='ltr'>in</span> <span class='ocrx_word' id='word_1_230' title='bbox 913 2464 987 2488; x_wconf 87' lang='lat' dir='ltr'>sua</span> <span class='ocrx_word' id='word_1_231' title='bbox 1027 2448 1220 2488; x_wconf 85' lang='lat' dir='ltr'>didicerit</span> <span class='ocrx_word' id='word_1_232' title='bbox 1259 2447 1507 2488; x_wconf 85' lang='lat' dir='ltr'>adversitate</span> <span class='ocrx_word' id='word_1_233' title='bbox 1558 2454 1769 2501; x_wconf 87' lang='lat' dir='ltr'>patronos,</span> 
     </span>
     <span class='ocr_line' id='line_1_33' title="bbox 377 2514 1772 2569; baseline -0.002 -13"><span class='ocrx_word' id='word_1_234' title='bbox 377 2517 527 2557; x_wconf 86' lang='lat' dir='ltr'>merito</span> <span class='ocrx_word' id='word_1_235' title='bbox 555 2516 607 2556; x_wconf 86' lang='lat' dir='ltr'>ad</span> <span class='ocrx_word' id='word_1_236' title='bbox 638 2523 678 2556; x_wconf 90' lang='lat' dir='ltr'>te</span> <span class='ocrx_word' id='word_1_237' title='bbox 709 2531 792 2555; x_wconf 92' lang='lat' dir='ltr'>non</span> <span class='ocrx_word' id='word_1_238' title='bbox 824 2522 989 2555; x_wconf 88' lang='lat' dir='ltr'>tantum</span> <span class='ocrx_word' id='word_1_239' title='bbox 1019 2515 1153 2569; x_wconf 80' lang='lat' dir='ltr'>regni,</span> <span class='ocrx_word' id='word_1_240' title='bbox 1176 2515 1249 2555; x_wconf 90' lang='lat' dir='ltr'>sed</span> <span class='ocrx_word' id='word_1_241' title='bbox 1278 2522 1545 2568; x_wconf 85' lang='lat' dir='ltr'>paternarum</span> <span class='ocrx_word' id='word_1_242' title='bbox 1565 2514 1772 2554; x_wconf 82' lang='lat' dir='ltr'>virtutum</span> 
     </span>
     <span class='ocr_line' id='line_1_34' title="bbox 378 2581 1770 2635; baseline -0.002 -13"><span class='ocrx_word' id='word_1_243' title='bbox 378 2583 604 2631; x_wconf 71' lang='lat' dir='ltr'>haeredem,</span> <span class='ocrx_word' id='word_1_244' title='bbox 657 2583 837 2635; x_wconf 85' lang='lat' dir='ltr'>quadam</span> <span class='ocrx_word' id='word_1_245' title='bbox 897 2582 1121 2622; x_wconf 86' lang='lat' dir='ltr'>securitate</span> <span class='ocrx_word' id='word_1_246' title='bbox 1178 2581 1423 2630; x_wconf 88' lang='lat' dir='ltr'>recurritur,</span> <span class='ocrx_word' id='word_1_247' title='bbox 1480 2581 1554 2621; x_wconf 93' lang='lat' dir='ltr'>ubi</span> <span class='ocrx_word' id='word_1_248' title='bbox 1612 2581 1770 2634; x_wconf 87' lang='lat' dir='ltr'>populo</span> 
     </span>
    </p>
   </div>
   <div class='ocr_carea' id='block_1_9' title="bbox 384 2709 1772 2846">
    <p class='ocr_par' dir='ltr' id='par_1_11' title="bbox 384 2709 1772 2846">
     <span class='ocr_line' id='line_1_35' title="bbox 430 2709 1772 2755; baseline 0.001 -13"><span class='ocrx_word' id='word_1_249' title='bbox 430 2711 435 2728; x_wconf 92' lang='lat'><strong>¹</strong></span> <span class='ocrx_word' id='word_1_250' title='bbox 468 2710 525 2742; x_wconf 74' lang='lat' dir='ltr'>Bis</span> <span class='ocrx_word' id='word_1_251' title='bbox 542 2710 576 2742; x_wconf 88' lang='lat' dir='ltr'>in</span> <span class='ocrx_word' id='word_1_252' title='bbox 594 2710 668 2744; x_wconf 82' lang='lat' dir='ltr'>MS.</span> <span class='ocrx_word' id='word_1_253' title='bbox 807 2709 819 2726; x_wconf 77' lang='lat'><strong>²</strong></span> <span class='ocrx_word' id='word_1_254' title='bbox 846 2709 904 2753; x_wconf 76' lang='lat' dir='ltr'>Ec,</span> <span class='ocrx_word' id='word_1_255' title='bbox 922 2710 996 2743; x_wconf 82' lang='lat' dir='ltr'>MS.</span> <span class='ocrx_word' id='word_1_256' title='bbox 1113 2711 1146 2743; x_wconf 81' lang='lat' dir='ltr'>in</span> <span class='ocrx_word' id='word_1_257' title='bbox 1176 2711 1350 2754; x_wconf 84' lang='lat' dir='ltr'>Hovcdcn,</span> <span class='ocrx_word' id='word_1_258' title='bbox 1376 2723 1408 2755; x_wconf 87' lang='lat' dir='ltr'>p.</span> <span class='ocrx_word' id='word_1_259' title='bbox 1431 2713 1509 2753; x_wconf 78' lang='lat'>358,</span> <span class='ocrx_word' id='word_1_260' title='bbox 1528 2709 1593 2743; x_wconf 83' lang='lat' dir='ltr'>and</span> <span class='ocrx_word' id='word_1_261' title='bbox 1623 2710 1656 2743; x_wconf 87' lang='lat' dir='ltr'>in</span> <span class='ocrx_word' id='word_1_262' title='bbox 1681 2710 1772 2743; x_wconf 89' lang='lat' dir='ltr'>Bou-</span> 
     </span>
     <span class='ocr_line' id='line_1_36' title="bbox 430 2754 1447 2800; baseline 0.003 -13"><span class='ocrx_word' id='word_1_263' title='bbox 430 2757 441 2774; x_wconf 82' lang='lat'><strong>³</strong></span> <span class='ocrx_word' id='word_1_264' title='bbox 468 2756 557 2800; x_wconf 81' lang='lat' dir='ltr'>Popc</span> <span class='ocrx_word' id='word_1_265' title='bbox 610 2755 733 2788; x_wconf 87' lang='lat' dir='ltr'>Lucius</span> <span class='ocrx_word' id='word_1_266' title='bbox 781 2754 848 2788; x_wconf 91' lang='lat' dir='ltr'>III.</span> <span class='ocrx_word' id='word_1_267' title='bbox 939 2755 1044 2788; x_wconf 87' lang='lat' dir='ltr'>Othcr</span> <span class='ocrx_word' id='word_1_268' title='bbox 1113 2762 1203 2800; x_wconf 78' lang='lat' dir='ltr'>quet,</span> <span class='ocrx_word' id='word_1_269' title='bbox 1219 2757 1299 2790; x_wconf 81' lang='lat' dir='ltr'>xvii.</span> <span class='ocrx_word' id='word_1_270' title='bbox 1319 2768 1350 2800; x_wconf 88' lang='lat' dir='ltr'>p.</span> <span class='ocrx_word' id='word_1_271' title='bbox 1369 2759 1447 2790; x_wconf 84' lang='lat'>463.</span> 
     </span>
     <span class='ocr_line' id='line_1_37' title="bbox 384 2800 1043 2846; baseline 0 -12"><span class='ocrx_word' id='word_1_272' title='bbox 384 2802 498 2846; x_wconf 76' lang='lat' dir='ltr'>copies</span> <span class='ocrx_word' id='word_1_273' title='bbox 516 2801 553 2834; x_wconf 87' lang='lat' dir='ltr'>of</span> <span class='ocrx_word' id='word_1_274' title='bbox 579 2802 645 2835; x_wconf 85' lang='lat' dir='ltr'>this</span> <span class='ocrx_word' id='word_1_275' title='bbox 674 2801 772 2834; x_wconf 84' lang='lat' dir='ltr'>letter</span> <span class='ocrx_word' id='word_1_276' title='bbox 789 2800 856 2834; x_wconf 89' lang='lat' dir='ltr'>will</span> <span class='ocrx_word' id='word_1_277' title='bbox 882 2801 922 2834; x_wconf 84' lang='lat' dir='ltr'>be</span> <span class='ocrx_word' id='word_1_278' title='bbox 940 2801 1043 2834; x_wconf 84' lang='lat' dir='ltr'>found</span> 
     </span>
    </p>
   </div>
  </div>
 </body>
</html>
