1908 3135
267 487 595 532 INCIPIUNT
628 491 945 533 CAPITULA
976 492 1228 533 TERTIAE
1264 492 1537 533 DISTINC-

784 559 1010 600 TIONIS.

343 749 370 777 Ι.
404 736 471 777 De
505 736 654 778 ultima
687 737 798 778 inter
830 737 970 792 Reges
999 731 1264 778 Lodovicum
1287 743 1329 776 et
1362 735 1598 779 Henricum

455 804 751 854 collocutione,
776 813 818 846 ct
838 805 1042 846 laudabili
1063 804 1224 845 ibidem
1241 803 1447 845 Lodovici
1466 806 1599 860 Regis

457 872 511 911 ad
532 873 673 912 Deum
697 872 1020 928 supplicatione.

320 951 367 979 11.
401 938 467 979 De
482 946 688 980 terrarum
709 956 732 980 a
752 940 952 994 Philippo
971 938 1177 980 Lodovici
1197 938 1300 987 filio,
1317 939 1448 993 juxta
1466 939 1597 993 patris

455 1008 810 1062 supplicationem
845 1015 887 1048 et
921 1007 1052 1047 visam
1090 1007 1188 1046 inde
1230 1006 1346 1060 prius
1378 1007 1596 1056 visionem,

455 1082 539 1115 tam
570 1090 666 1129 erga
688 1075 909 1115 Blesenses
935 1082 978 1114 ct
999 1074 1166 1114 Ducem
1200 1073 1478 1127 Burgundiae,
1500 1089 1598 1114 ncc-

455 1157 540 1182 non
573 1142 784 1183 Comitem
808 1141 1018 1182 Flandriae
1052 1140 1315 1194 Philippum,
1339 1156 1466 1194 quam
1498 1156 1597 1195 erga

456 1209 621 1262 Regem
643 1209 894 1258 Henricum,
912 1208 1192 1248 revocatione.

298 1289 364 1317 111.
398 1276 464 1317 De
484 1283 595 1317 terra
624 1276 795 1316 interim
828 1274 1166 1316 Ierosolimitana
1195 1289 1219 1314 a
1251 1274 1420 1315 Parthis
1441 1282 1485 1315 et
1516 1274 1596 1314 Pa-

452 1345 571 1398 ganis
600 1344 785 1398 graviter
814 1343 1077 1397 impugnata,
1101 1348 1144 1382 et
1172 1341 1260 1382 fere
1286 1343 1375 1396 jam
1408 1341 1596 1382 totaliter

455 1418 715 1465 expugnata.

306 1491 365 1519 1V.
400 1478 580 1519 Litterae
599 1478 829 1519 Clementis
847 1480 857 1501 ¹
881 1492 1003 1532 papae
1023 1477 1075 1518 ad
1096 1476 1420 1517 subventionem
1436 1476 1592 1516 facien-

446 1546 541 1586 dam
562 1545 761 1586 fidelibus
783 1545 968 1586 directae.

321 1625 362 1654 v.
397 1612 464 1653 De
496 1612 662 1653 Comite
689 1612 925 1653 Pictavensi
957 1610 1157 1660 RicardQ
1184 1610 1321 1664 primo
1348 1618 1594 1664 magnatum

454 1679 767 1734 Cisalpinorum
791 1693 913 1719 cruce
946 1677 1126 1731 signatO,
1148 1677 1370 1730 nobilique
1394 1684 1479 1717 tam
1503 1677 1592 1717 Cis-

453 1746 606 1800 alpinis
629 1761 755 1800 quam
779 1753 821 1785 et
842 1744 1048 1785 universis
1069 1743 1266 1797 exemplo
1289 1743 1400 1784 dato.

300 1827 360 1854 Vl.
393 1813 460 1854 De
481 1813 770 1853 astronomicis
792 1827 847 1853 ex
875 1812 952 1852 hac
972 1810 1216 1851 turbatione
1237 1810 1438 1864 deceptis,
1459 1817 1502 1850 ct
1522 1810 1592 1850 lit-

451 1880 551 1920 teris
572 1879 827 1934 quibusdam
849 1877 1136 1919 consolatoriis
1158 1891 1182 1916 a
1202 1877 1385 1930 quodam
1407 1877 1589 1918 directis.

287 1961 364 1987 vll.
398 1947 465 1987 De
508 1947 673 1988 Comite
728 1946 912 1986 Ricardo
962 1945 1044 1985 iter
1089 1958 1352 1997 aggressuro,
1393 1945 1466 1984 scd
1515 1959 1590 1998 per

447 2015 580 2068 patris
605 2014 809 2054 malitiam
831 2012 1052 2067 impedito,
1076 2018 1119 2051 et
1140 2011 1194 2050 ob
1215 2010 1294 2050 hoc
1316 2011 1368 2051 ad
1395 2026 1589 2065 guerram

448 2082 635 2121 animose
656 2095 869 2121 converso.

268 2162 362 2189 vl11.
397 2148 463 2189 De
497 2149 634 2189 titulis
671 2147 845 2188 Ricardi
879 2146 1058 2187 Comitis
1092 2145 1350 2186 Pictavensis
1383 2145 1592 2185 occasion-

448 2216 570 2256 aliter
589 2215 656 2256 hic
678 2214 927 2255 intersertis.

296 2297 358 2323 lx.
392 2283 460 2323 De
494 2283 616 2336 Rege
648 2281 838 2322 Henrico
869 2280 1042 2320 interim
1073 2280 1118 2320 in
1143 2279 1302 2333 Anglia
1335 2279 1590 2319 decimarum

447 2349 741 2388 exactionibus
774 2348 954 2395 intento,
977 2354 1020 2386 et
1040 2346 1273 2386 visionibus
1298 2360 1424 2399 quam
1457 2345 1590 2398 pluri-

448 2415 539 2464 mis,
577 2413 909 2454 commonitoriis
955 2413 1113 2467 pariter
1159 2420 1203 2452 et
1242 2411 1588 2459 comminatoriis,

446 2482 602 2522 frustra
622 2482 703 2521 sibi
724 2481 967 2535 propalatiS.

313 2563 357 2590 x.
391 2549 457 2589 De
481 2549 647 2589 Comite
671 2547 911 2588 Pictavensi
943 2547 1127 2587 Ricardo
1150 2562 1174 2587 a
1202 2553 1323 2600 patre
1346 2546 1584 2593 dissociato,

446 2624 489 2656 et
509 2617 561 2656 ad
582 2616 746 2669 Regem
768 2614 960 2655 Franciae
984 2629 1196 2654 converso.

296 2699 356 2725 XI.
391 2684 457 2724 De
492 2684 612 2736 Rege
652 2681 840 2723 Henrico
872 2696 946 2734 per
983 2681 1123 2720 omnia
1159 2680 1350 2728 confuso,
1384 2685 1425 2719 et
1457 2679 1584 2718 verbo

677 2777 687 2797 ¹
717 2776 858 2819 Corrigc
876 2774 1044 2818 Gregorii,
1064 2774 1103 2809 B.

1386 2834 1412 2858 G
