1908 3135
375 255 457 295 186
765 263 1001 296 GIRALDUS
1035 264 1332 297 CAMBRENSIS
1617 255 1764 314 [APPX.

373 372 574 418 tanquam
609 363 755 404 multis
794 364 1026 404 minoribus
1067 362 1231 403 delictis
1267 362 1585 417 aequipollente,
1620 366 1763 406 statim

374 446 457 472 uno
482 431 660 485 punitur
686 430 1006 485 peremptorio),
1034 430 1172 485 primo
1192 445 1267 484 per
1292 430 1443 471 urbem
1463 445 1561 472 reus
1580 432 1625 471 in
1654 433 1762 486 pub-

370 498 452 539 lico
501 504 729 552 conspectu
767 497 1042 551 fustigatione
1092 497 1370 537 confunditur
1422 503 1466 538 et
1510 498 1760 552 flagellatur.

371 565 539 606 Deinde
556 565 590 605 si
610 565 719 605 forte
734 565 945 614 reciderit,
964 572 1038 605 aut
1049 564 1189 605 fronte
1209 571 1251 605 et
1266 564 1372 605 facie
1395 565 1667 615 cauteriatur,
1689 573 1764 607 aut

369 632 571 672 auriculae
610 632 808 672 inferiore
848 632 980 686 pulpa
1017 631 1253 672 mutilatur.
1323 631 1471 672 Tertio
1511 647 1624 683 vero,
1664 646 1762 672 cum

370 699 599 739 damnabili
618 706 718 739 nota
737 699 772 739 si
794 699 1137 753 deprehenditur,
1161 699 1307 740 durius
1334 699 1379 739 in
1399 699 1537 753 ipsum
1559 705 1762 754 tanquam

369 765 699 820 incorrigibilem
721 772 763 806 et
782 766 966 807 humano
995 767 1129 808 coetui
1162 781 1333 821 prorsus
1353 767 1551 807 inutilem
1571 767 1761 807 animad-

369 832 571 882 vertitur3
604 839 647 873 et
667 833 725 872 sic
746 833 917 873 demum
938 834 1059 886 quasi
1078 833 1275 888 publicus
1295 833 1441 882 hostis,
1466 835 1595 888 juxta
1616 834 1759 874 delicti

370 899 652 953 quantitatem
701 899 768 939 vel
822 899 1086 948 exoculatur,
1137 899 1204 939 vel
1256 899 1450 953 patibulo
1501 899 1760 940 sublevatur.

369 965 616 1007 Laudabilis
655 965 742 1013 lex,
783 971 827 1005 et
867 965 993 1018 digna
1032 965 1234 1005 memoria
1271 965 1558 1020 dispensatio!
1649 967 1765 1007 Fieri

369 1047 550 1086 namque
570 1038 713 1086 potest
741 1037 784 1072 et
814 1031 1067 1085 plerumque
1094 1031 1318 1085 contingit,
1350 1039 1401 1073 ut
1427 1032 1586 1073 enormi
1608 1033 1762 1074 delicto

368 1100 420 1140 ab
443 1098 658 1152 aequitatis
688 1098 813 1147 linea,
835 1112 934 1139 casu
955 1098 1140 1147 sinistro,
1162 1098 1293 1138 semel
1307 1098 1517 1153 quispiam
1533 1099 1762 1149 exorbitet,

366 1180 586 1220 nunquam
622 1164 826 1205 hactenus
865 1172 1073 1214 assuetus,
1115 1165 1183 1205 vel
1222 1165 1273 1205 de
1319 1172 1475 1206 caetero
1505 1181 1761 1207 reversurus.

369 1232 598 1286 Propterea
624 1231 901 1272 humanitatis
930 1232 1119 1285 ejusdem
1147 1232 1282 1285 gratia
1302 1239 1368 1273 tot
1394 1232 1639 1273 exoculatos
1660 1233 1762 1274 alibi

366 1315 451 1340 non
480 1299 674 1340 vidimus,
735 1298 896 1339 Merito
926 1298 1128 1339 nimirum
1148 1306 1283 1340 morte
1314 1300 1568 1353 dignissimis
1589 1314 1761 1354 poenam

366 1366 502 1420 pietas
528 1365 752 1418 mitigavit,
780 1372 830 1405 ut
864 1365 1038 1406 inutiles
1068 1380 1241 1420 corpore
1270 1366 1386 1415 facti,
1421 1366 1589 1421 spiritui
1617 1380 1761 1407 vacare

367 1432 569 1482 volentes,
590 1438 710 1486 parte
731 1432 873 1486 vigere
894 1432 1060 1473 valeant
1080 1432 1195 1473 illius
1213 1432 1400 1473 meliore.

751 1665 812 1719 [S.
839 1665 1012 1705 Thomas
1039 1664 1389 1718 Cantuarz'ensis.]
1405 1667 1419 1688 1

152 1785 317 1844 {hamtasad
428 1764 609 1805 BEATUS
643 1764 957 1806 Cantuariensis
984 1762 1343 1817 Archiepiscopus
1368 1763 1551 1804 Thomas
1569 1777 1696 1817 egens
1716 1763 1760 1803 in

176 1826 205 1843 CC
225 1826 239 1843 e
264 1826 296 1843 an

151 1851 198 1875 the
211 1852 308 1876 Sortes,
368 1831 512 1881 exilio,
554 1847 649 1872 cum
689 1833 801 1886 apud
842 1831 1141 1871 Pontiniacum
1176 1845 1337 1871 moram
1376 1830 1548 1880 faceret,
1587 1830 1760 1871 lectioni

366 1899 523 1952 pariter
540 1899 764 1940 intendens
781 1905 824 1939 et
843 1898 1037 1947 orationi,
1055 1912 1151 1937 cum
1167 1898 1293 1938 moris
1308 1898 1483 1939 haberet
1499 1905 1549 1938 ut
1560 1897 1762 1950 fatigatus

366 1980 390 2005 a
411 1966 551 2006 studio
571 1981 647 2020 per
667 1966 853 2020 singulos
874 1965 1045 2005 clericos
1067 1978 1163 2004 suos
1184 1965 1350 2018 singula
1369 1965 1459 2005 loca
1486 1964 1616 2005 studii
1637 1979 1760 2004 causa

368 2039 559 2073 tenentes
601 2033 902 2081 deambularet,
944 2046 1139 2085 quaerens
1179 2046 1203 2071 a
1237 2031 1414 2085 singulis
1446 2032 1561 2086 quod
1593 2031 1760 2085 elegans

367 2098 527 2138 dictum
566 2106 667 2138 tunc
705 2099 964 2146 invenisset3
1006 2097 1180 2136 veniens
1219 2098 1272 2137 ad
1312 2097 1608 2138 Alexandrum
1656 2097 1760 2139 Val-

368 2179 523 2213 ensem,
564 2165 877 2217 Bangorensem
911 2163 1265 2211 archidiaconum,
1288 2166 1304 2188 2
1336 2164 1411 2217 qui
1445 2164 1489 2203 in
1517 2166 1607 2218 ejus
1640 2164 1759 2203 obse-

368 2232 478 2285 quiis
500 2238 601 2271 tunc
630 2231 783 2280 fuerat,
815 2229 1011 2283 quaesivit
1036 2229 1080 2268 in
1113 2244 1196 2282 quo
1231 2229 1339 2269 libro
1367 2229 1569 2278 studeret,
1600 2235 1643 2269 et
1663 2243 1759 2269 cum

366 2298 438 2338 ille
474 2297 717 2338 Martialem
747 2304 885 2337 totum
916 2302 1018 2336 tunc
1052 2295 1162 2334 forte
1195 2310 1285 2349 prae
1318 2296 1512 2336 manibus
1550 2302 1593 2336 et
1629 2295 1761 2335 oculis

366 2365 554 2414 haberet,
577 2364 688 2404 dixit
720 2364 879 2405 Beatus
914 2362 1111 2410 Thomas,
1135 2362 1335 2415 quoniam
1362 2362 1490 2402 talem
1509 2362 1645 2402 virum
1664 2361 1761 2402 talis

366 2431 474 2471 liber
523 2431 722 2480 decebat3
775 2436 864 2470 erat
911 2428 1023 2469 enim
1062 2427 1133 2467 ille
1180 2428 1242 2468 Vir
1279 2428 1472 2483 jocularis
1519 2435 1562 2469 et
1600 2428 1758 2482 linguae

413 2536 423 2556 ¹
469 2537 491 2569 f.
510 2538 564 2578 92,
582 2536 633 2580 b.]
1102 2533 1236 2565 natione
1261 2539 1295 2565 ct
1318 2538 1538 2577 cognomento
1568 2532 1762 2565 Gualensis.

414 2582 427 2599 ²
483 2582 535 2614 his
557 2582 585 2614 is
602 2582 675 2614 that
693 2581 899 2623 Alexander,
919 2580 933 2612 I
954 2591 1031 2623 sup-
1102 2578 1252 2612 Edoctus
1270 2579 1407 2623 quidem
1433 2579 1467 2611 in
1489 2578 1620 2620 litteris,
1639 2579 1761 2620 jocun-

368 2639 460 2672 pose,
479 2628 517 2660 of
529 2627 638 2659 whom
661 2627 811 2659 mention
829 2626 858 2659 is
880 2625 978 2658 made
996 2625 1029 2657 in
1098 2625 1160 2658 ‹lus
1189 2625 1222 2658 in
1253 2624 1397 2666 verbis,’'
1425 2624 1487 2657 &a
1538 2624 1593 2657 He
1610 2635 1677 2656 was
1704 2623 1761 2656 the

369 2672 425 2706 the
445 2673 607 2718 Epistolae
633 2673 667 2706 S.
684 2672 834 2713 Thomae,
853 2671 965 2704 edited
984 2670 1028 2715 by
1096 2670 1341 2715 Archbishop’s
1359 2670 1625 2703 crosier-bearcr.
1663 2668 1762 2702 Will.

369 2719 494 2763 Lupus,
528 2725 562 2751 at
599 2730 632 2762 p.
653 2720 729 2751 161.
795 2720 816 2737 “
832 2716 1027 2749 Alexander
1095 2716 1256 2761 Stephan.
1274 2728 1305 2761 p.
1325 2718 1370 2749 40
1387 2728 1396 2756 3
1414 2715 1466 2748 ed.
1484 2715 1623 2761 Sparke.

366 2764 481 2808 lingua
490 2770 628 2809 paterna
641 2769 778 2796 vocatus
792 2762 923 2805 Cuelin,
938 2762 1025 2795 sicut
