<?xml version="1.0" encoding="UTF-8"?>
<!DOCTYPE html PUBLIC "-//W3C//DTD XHTML 1.0 Transitional//EN"
    "http://www.w3.org/TR/xhtml1/DTD/xhtml1-transitional.dtd">
<html xmlns="http://www.w3.org/1999/xhtml" xml:lang="en" lang="en">
 <head>
  <title>
</title>
<meta http-equiv="Content-Type" content="text/html;charset=utf-8" />
  <meta name='ocr-system' content='tesseract 3.04.00' />
  <meta name='ocr-capabilities' content='ocr_page ocr_carea ocr_par ocr_line ocrx_word'/>
</head>
<body>
  <div class='ocr_page' id='page_1' title='image "./giralduscambrens03girauoft_0188.png"; bbox 0 0 1908 3135; ppageno 0'>
   <div class='ocr_carea' id='block_1_1' title="bbox 387 268 1374 307">
    <p class='ocr_par' dir='ltr' id='par_1_1' title="bbox 387 268 1374 307">
     <span class='ocr_line' id='line_1_1' title="bbox 387 268 1374 307; baseline 0.001 -1"><span class='ocrx_word' id='word_1_1' title='bbox 387 268 469 306; x_wconf 78' lang='lat'>148</span> <span class='ocrx_word' id='word_1_2' title='bbox 803 275 1042 307; x_wconf 79' lang='lat' dir='ltr'>GIRALnus</span> <span class='ocrx_word' id='word_1_3' title='bbox 1077 276 1374 307; x_wconf 85' lang='lat' dir='ltr'>CAMBRENSIS</span> 
     </span>
    </p>
   </div>
   <div class='ocr_carea' id='block_1_2' title="bbox 370 372 1776 2373">
    <p class='ocr_par' dir='ltr' id='par_1_2' title="bbox 384 372 1776 698">
     <span class='ocr_line' id='line_1_2' title="bbox 386 372 1776 430; baseline -0.001 -15"><span class='ocrx_word' id='word_1_4' title='bbox 386 375 481 416; x_wconf 90' lang='lat' dir='ltr'>Deo</span> <span class='ocrx_word' id='word_1_5' title='bbox 522 375 755 430; x_wconf 82' lang='lat' dir='ltr'>opitulante</span> <span class='ocrx_word' id='word_1_6' title='bbox 796 375 1066 415; x_wconf 80' lang='lat' dir='ltr'>defece1·it!”</span> <span class='ocrx_word' id='word_1_7' title='bbox 1139 375 1200 415; x_wconf 89' lang='lat' dir='ltr'>Et</span> <span class='ocrx_word' id='word_1_8' title='bbox 1250 375 1307 414; x_wconf 90' lang='lat' dir='ltr'>sic</span> <span class='ocrx_word' id='word_1_9' title='bbox 1347 374 1501 415; x_wconf 87' lang='lat' dir='ltr'>nobilis</span> <span class='ocrx_word' id='word_1_10' title='bbox 1540 374 1610 413; x_wconf 89' lang='lat' dir='ltr'>ille</span> <span class='ocrx_word' id='word_1_11' title='bbox 1649 372 1776 414; x_wconf 88' lang='lat' dir='ltr'>Viro-</span> 
     </span>
     <span class='ocr_line' id='line_1_3' title="bbox 384 439 1774 496; baseline -0.002 -14"><span class='ocrx_word' id='word_1_12' title='bbox 384 443 566 483; x_wconf 85' lang='lat' dir='ltr'>manniae</span> <span class='ocrx_word' id='word_1_13' title='bbox 586 442 822 491; x_wconf 80' lang='lat' dir='ltr'>comitatus,</span> <span class='ocrx_word' id='word_1_14' title='bbox 836 457 932 482; x_wconf 90' lang='lat' dir='ltr'>cum</span> <span class='ocrx_word' id='word_1_15' title='bbox 949 442 1100 496; x_wconf 92' lang='lat' dir='ltr'>opibus</span> <span class='ocrx_word' id='word_1_16' title='bbox 1114 449 1158 481; x_wconf 91' lang='lat' dir='ltr'>et</span> <span class='ocrx_word' id='word_1_17' title='bbox 1172 441 1337 495; x_wconf 85' lang='lat' dir='ltr'>oppidis</span> <span class='ocrx_word' id='word_1_18' title='bbox 1358 441 1533 489; x_wconf 89' lang='lat' dir='ltr'>cunetis,</span> <span class='ocrx_word' id='word_1_19' title='bbox 1552 439 1774 480; x_wconf 87' lang='lat' dir='ltr'>humiliato</span> 
     </span>
     <span class='ocr_line' id='line_1_4' title="bbox 385 507 1776 563; baseline -0.003 -13"><span class='ocrx_word' id='word_1_20' title='bbox 385 510 606 551; x_wconf 80' lang='lat' dir='ltr'><strong>detentore</strong></span> <span class='ocrx_word' id='word_1_21' title='bbox 648 516 782 558; x_wconf 88' lang='lat' dir='ltr'>tanto,</span> <span class='ocrx_word' id='word_1_22' title='bbox 817 508 929 563; x_wconf 78' lang='lat' dir='ltr'>Regi</span> <span class='ocrx_word' id='word_1_23' title='bbox 978 509 1178 563; x_wconf 88' lang='lat' dir='ltr'>Philippo</span> <span class='ocrx_word' id='word_1_24' title='bbox 1231 516 1332 549; x_wconf 89' lang='lat' dir='ltr'>tunc</span> <span class='ocrx_word' id='word_1_25' title='bbox 1381 508 1624 563; x_wconf 88' lang='lat' dir='ltr'>juvenculo,</span> <span class='ocrx_word' id='word_1_26' title='bbox 1671 507 1776 547; x_wconf 88' lang='lat' dir='ltr'>citra</span> 
     </span>
     <span class='ocr_line' id='line_1_5' title="bbox 384 575 1775 629; baseline -0.002 -12"><span class='ocrx_word' id='word_1_27' title='bbox 384 578 582 618; x_wconf 86' lang='lat' dir='ltr'>bellicum</span> <span class='ocrx_word' id='word_1_28' title='bbox 615 577 857 617; x_wconf 89' lang='lat' dir='ltr'>conflictum</span> <span class='ocrx_word' id='word_1_29' title='bbox 897 591 1078 626; x_wconf 89' lang='lat' dir='ltr'>omnem,</span> <span class='ocrx_word' id='word_1_30' title='bbox 1119 575 1204 617; x_wconf 88' lang='lat' dir='ltr'>fuit</span> <span class='ocrx_word' id='word_1_31' title='bbox 1243 576 1402 629; x_wconf 82' lang='lat' dir='ltr'>absque</span> <span class='ocrx_word' id='word_1_32' title='bbox 1443 575 1692 615; x_wconf 89' lang='lat' dir='ltr'>difficultate</span> <span class='ocrx_word' id='word_1_33' title='bbox 1732 581 1775 614; x_wconf 90' lang='lat' dir='ltr'>et</span> 
     </span>
     <span class='ocr_line' id='line_1_6' title="bbox 385 645 854 698; baseline -0.002 -13"><span class='ocrx_word' id='word_1_34' title='bbox 385 645 586 685; x_wconf 84' lang='lat' dir='ltr'>dilatione</span> <span class='ocrx_word' id='word_1_35' title='bbox 607 645 854 698; x_wconf 85' lang='lat' dir='ltr'>resignatus.</span> 
     </span>
    </p>

    <p class='ocr_par' dir='ltr' id='par_1_3' title="bbox 370 708 1774 2373">
     <span class='ocr_line' id='line_1_7' title="bbox 442 708 1772 766; baseline -0.003 -14"><span class='ocrx_word' id='word_1_36' title='bbox 442 712 524 752; x_wconf 88' lang='lat' dir='ltr'>His</span> <span class='ocrx_word' id='word_1_37' title='bbox 544 712 676 765; x_wconf 84' lang='lat' dir='ltr'>igitur</span> <span class='ocrx_word' id='word_1_38' title='bbox 695 720 738 752; x_wconf 88' lang='lat' dir='ltr'>et</span> <span class='ocrx_word' id='word_1_39' title='bbox 772 711 1029 766; x_wconf 78' lang='lat' dir='ltr'>praescriptis</span> <span class='ocrx_word' id='word_1_40' title='bbox 1063 711 1141 751; x_wconf 92' lang='lat' dir='ltr'>sub</span> <span class='ocrx_word' id='word_1_41' title='bbox 1177 711 1256 751; x_wconf 91' lang='lat' dir='ltr'>hoc</span> <span class='ocrx_word' id='word_1_42' title='bbox 1289 718 1433 751; x_wconf 90' lang='lat' dir='ltr'>tenore</span> <span class='ocrx_word' id='word_1_43' title='bbox 1465 708 1697 764; x_wconf 80' lang='lat' dir='ltr'>completiS,</span> <span class='ocrx_word' id='word_1_44' title='bbox 1722 709 1772 749; x_wconf 88' lang='lat' dir='ltr'>de</span> 
     </span>
     <span class='ocr_line' id='line_1_8' title="bbox 383 775 1772 833; baseline -0.003 -14"><span class='ocrx_word' id='word_1_45' title='bbox 383 794 485 833; x_wconf 87' lang='lat' dir='ltr'>pace</span> <span class='ocrx_word' id='word_1_46' title='bbox 523 786 749 819; x_wconf 85' lang='lat' dir='ltr'>tractatum</span> <span class='ocrx_word' id='word_1_47' title='bbox 788 778 1008 827; x_wconf 82' lang='lat' dir='ltr'>habentes,</span> <span class='ocrx_word' id='word_1_48' title='bbox 1048 778 1100 818; x_wconf 89' lang='lat' dir='ltr'>ad</span> <span class='ocrx_word' id='word_1_49' title='bbox 1142 784 1295 818; x_wconf 90' lang='lat' dir='ltr'>nutum</span> <span class='ocrx_word' id='word_1_50' title='bbox 1332 777 1589 818; x_wconf 79' lang='lat' dir='ltr'><strong>Francorum</strong></span> <span class='ocrx_word' id='word_1_51' title='bbox 1639 775 1772 829; x_wconf 82' lang='lat' dir='ltr'>Regis</span> 
     </span>
     <span class='ocr_line' id='line_1_9' title="bbox 384 843 1774 899; baseline -0.002 -13"><span class='ocrx_word' id='word_1_52' title='bbox 384 846 648 899; x_wconf 87' lang='lat' dir='ltr'>Comitisque</span> <span class='ocrx_word' id='word_1_53' title='bbox 686 844 945 885; x_wconf 89' lang='lat' dir='ltr'>Pictavensis</span> <span class='ocrx_word' id='word_1_54' title='bbox 976 844 1179 884; x_wconf 83' lang='lat' dir='ltr'>honorem</span> <span class='ocrx_word' id='word_1_55' title='bbox 1208 859 1284 898; x_wconf 90' lang='lat' dir='ltr'>per</span> <span class='ocrx_word' id='word_1_56' title='bbox 1319 844 1472 892; x_wconf 87' lang='lat' dir='ltr'>omnia,</span> <span class='ocrx_word' id='word_1_57' title='bbox 1509 843 1561 883; x_wconf 88' lang='lat' dir='ltr'>ad</span> <span class='ocrx_word' id='word_1_58' title='bbox 1594 843 1774 883; x_wconf 83' lang='lat' dir='ltr'>dedecus</span> 
     </span>
     <span class='ocr_line' id='line_1_10' title="bbox 381 910 1772 965; baseline -0.001 -14"><span class='ocrx_word' id='word_1_59' title='bbox 381 920 525 952; x_wconf 90' lang='lat' dir='ltr'>autem</span> <span class='ocrx_word' id='word_1_60' title='bbox 555 912 795 965; x_wconf 86' lang='lat' dir='ltr'>Anglorum</span> <span class='ocrx_word' id='word_1_61' title='bbox 826 911 959 964; x_wconf 82' lang='lat' dir='ltr'>Regis</span> <span class='ocrx_word' id='word_1_62' title='bbox 999 917 1041 950; x_wconf 89' lang='lat' dir='ltr'>et</span> <span class='ocrx_word' id='word_1_63' title='bbox 1082 910 1581 964; x_wconf 83' lang='lat' dir='ltr'>detrimentum,&#39;pacem</span> <span class='ocrx_word' id='word_1_64' title='bbox 1619 910 1772 950; x_wconf 82' lang='lat' dir='ltr'>forma-</span> 
     </span>
     <span class='ocr_line' id='line_1_11' title="bbox 380 976 1772 1032; baseline -0.002 -13"><span class='ocrx_word' id='word_1_65' title='bbox 380 987 546 1028; x_wconf 84' lang='lat' dir='ltr'>verunt,</span> <span class='ocrx_word' id='word_1_66' title='bbox 584 979 848 1032; x_wconf 87' lang='lat' dir='ltr'>formamque</span> <span class='ocrx_word' id='word_1_67' title='bbox 885 977 1076 1032; x_wconf 86' lang='lat' dir='ltr'>ejusdem</span> <span class='ocrx_word' id='word_1_68' title='bbox 1109 977 1265 1031; x_wconf 88' lang='lat' dir='ltr'>scripto</span> <span class='ocrx_word' id='word_1_69' title='bbox 1300 977 1657 1031; x_wconf 83' lang='lat' dir='ltr'>comprehensam,</span> <span class='ocrx_word' id='word_1_70' title='bbox 1682 976 1772 1016; x_wconf 91' lang='lat' dir='ltr'>An—</span> 
     </span>
     <span class='ocr_line' id='line_1_12' title="bbox 379 1043 1772 1099; baseline -0.002 -13"><span class='ocrx_word' id='word_1_71' title='bbox 379 1046 546 1099; x_wconf 79' lang='lat' dir='ltr'>glorum</span> <span class='ocrx_word' id='word_1_72' title='bbox 578 1045 691 1099; x_wconf 75' lang='lat' dir='ltr'>Regi</span> <span class='ocrx_word' id='word_1_73' title='bbox 723 1045 944 1098; x_wconf 79' lang='lat' dir='ltr'>legendam</span> <span class='ocrx_word' id='word_1_74' title='bbox 980 1051 1023 1084; x_wconf 90' lang='lat' dir='ltr'>et</span> <span class='ocrx_word' id='word_1_75' title='bbox 1052 1044 1304 1084; x_wconf 89' lang='lat' dir='ltr'>audiendam</span> <span class='ocrx_word' id='word_1_76' title='bbox 1345 1044 1604 1084; x_wconf 85' lang='lat' dir='ltr'>obtulerunt.</span> <span class='ocrx_word' id='word_1_77' title='bbox 1665 1043 1772 1084; x_wconf 87' lang='lat' dir='ltr'>Erat</span> 
     </span>
     <span class='ocr_line' id='line_1_13' title="bbox 379 1112 1768 1168; baseline -0.001 -14"><span class='ocrx_word' id='word_1_78' title='bbox 379 1122 522 1154; x_wconf 89' lang='lat' dir='ltr'>autem</span> <span class='ocrx_word' id='word_1_79' title='bbox 541 1114 721 1168; x_wconf 86' lang='lat' dir='ltr'>primum</span> <span class='ocrx_word' id='word_1_80' title='bbox 741 1112 974 1167; x_wconf 86' lang='lat' dir='ltr'>capitulum</span> <span class='ocrx_word' id='word_1_81' title='bbox 993 1112 1043 1152; x_wconf 91' lang='lat' dir='ltr'>de</span> <span class='ocrx_word' id='word_1_82' title='bbox 1062 1112 1347 1153; x_wconf 81' lang='lat' dir='ltr'>misericordia</span> <span class='ocrx_word' id='word_1_83' title='bbox 1367 1113 1436 1152; x_wconf 88' lang='lat' dir='ltr'>cui</span> <span class='ocrx_word' id='word_1_84' title='bbox 1457 1127 1499 1153; x_wconf 87' lang='lat' dir='ltr'>se</span> <span class='ocrx_word' id='word_1_85' title='bbox 1521 1112 1768 1166; x_wconf 84' lang='lat' dir='ltr'>supposuit3</span> 
     </span>
     <span class='ocr_line' id='line_1_14' title="bbox 378 1179 1771 1234; baseline -0.001 -13"><span class='ocrx_word' id='word_1_86' title='bbox 378 1182 610 1221; x_wconf 88' lang='lat' dir='ltr'>secundum</span> <span class='ocrx_word' id='word_1_87' title='bbox 629 1196 740 1230; x_wconf 87' lang='lat' dir='ltr'>vero,</span> <span class='ocrx_word' id='word_1_88' title='bbox 771 1180 885 1234; x_wconf 87' lang='lat' dir='ltr'>quod</span> <span class='ocrx_word' id='word_1_89' title='bbox 918 1194 1061 1220; x_wconf 89' lang='lat' dir='ltr'>omnes</span> <span class='ocrx_word' id='word_1_90' title='bbox 1091 1179 1165 1234; x_wconf 88' lang='lat' dir='ltr'>qui</span> <span class='ocrx_word' id='word_1_91' title='bbox 1188 1179 1345 1221; x_wconf 88' lang='lat' dir='ltr'>Comiti</span> <span class='ocrx_word' id='word_1_92' title='bbox 1368 1180 1604 1220; x_wconf 87' lang='lat' dir='ltr'>Pictavensi</span> <span class='ocrx_word' id='word_1_93' title='bbox 1626 1186 1771 1220; x_wconf 89' lang='lat' dir='ltr'>contra</span> 
     </span>
     <span class='ocr_line' id='line_1_15' title="bbox 377 1247 1770 1302; baseline -0.002 -13"><span class='ocrx_word' id='word_1_94' title='bbox 377 1256 539 1302; x_wconf 90' lang='lat' dir='ltr'>patrem</span> <span class='ocrx_word' id='word_1_95' title='bbox 562 1249 840 1298; x_wconf 72' lang='lat' dir='ltr'>adhaeserant,</span> <span class='ocrx_word' id='word_1_96' title='bbox 863 1248 913 1287; x_wconf 94' lang='lat' dir='ltr'>de</span> <span class='ocrx_word' id='word_1_97' title='bbox 934 1247 1184 1288; x_wconf 88' lang='lat' dir='ltr'>tenementis</span> <span class='ocrx_word' id='word_1_98' title='bbox 1208 1247 1293 1287; x_wconf 89' lang='lat' dir='ltr'>suis</span> <span class='ocrx_word' id='word_1_99' title='bbox 1316 1248 1510 1288; x_wconf 89' lang='lat' dir='ltr'>omnibus</span> <span class='ocrx_word' id='word_1_100' title='bbox 1532 1255 1574 1287; x_wconf 88' lang='lat' dir='ltr'>et</span> <span class='ocrx_word' id='word_1_101' title='bbox 1594 1247 1770 1301; x_wconf 84' lang='lat' dir='ltr'>ligantia</span> 
     </span>
     <span class='ocr_line' id='line_1_16' title="bbox 377 1313 1766 1367; baseline -0.001 -13"><span class='ocrx_word' id='word_1_102' title='bbox 377 1315 464 1355; x_wconf 90' lang='lat' dir='ltr'>filio</span> <span class='ocrx_word' id='word_1_103' title='bbox 483 1316 618 1356; x_wconf 89' lang='lat' dir='ltr'>solum</span> <span class='ocrx_word' id='word_1_104' title='bbox 639 1315 910 1355; x_wconf 86' lang='lat' dir='ltr'>intenderent</span> <span class='ocrx_word' id='word_1_105' title='bbox 928 1321 969 1354; x_wconf 90' lang='lat' dir='ltr'>et</span> <span class='ocrx_word' id='word_1_106' title='bbox 989 1328 1074 1353; x_wconf 90' lang='lat' dir='ltr'>non</span> <span class='ocrx_word' id='word_1_107' title='bbox 1094 1313 1218 1367; x_wconf 86' lang='lat' dir='ltr'>patri,</span> <span class='ocrx_word' id='word_1_108' title='bbox 1241 1314 1320 1354; x_wconf 88' lang='lat' dir='ltr'>nisi</span> <span class='ocrx_word' id='word_1_109' title='bbox 1341 1314 1530 1354; x_wconf 84' lang='lat' dir='ltr'>ultronea</span> <span class='ocrx_word' id='word_1_110' title='bbox 1550 1314 1766 1354; x_wconf 84' lang='lat' dir='ltr'>voluntate</span> 
     </span>
     <span class='ocr_line' id='line_1_17' title="bbox 376 1380 1767 1437; baseline -0.001 -15"><span class='ocrx_word' id='word_1_111' title='bbox 376 1383 428 1423; x_wconf 85' lang='lat' dir='ltr'>ad</span> <span class='ocrx_word' id='word_1_112' title='bbox 448 1383 588 1437; x_wconf 88' lang='lat' dir='ltr'>ipsum</span> <span class='ocrx_word' id='word_1_113' title='bbox 608 1382 717 1422; x_wconf 86' lang='lat' dir='ltr'>forte</span> <span class='ocrx_word' id='word_1_114' title='bbox 739 1381 874 1421; x_wconf 87' lang='lat' dir='ltr'>redire</span> <span class='ocrx_word' id='word_1_115' title='bbox 895 1380 1118 1421; x_wconf 87' lang='lat' dir='ltr'>voluerint.</span> <span class='ocrx_word' id='word_1_116' title='bbox 1179 1380 1240 1420; x_wconf 83' lang='lat' dir='ltr'>Et</span> <span class='ocrx_word' id='word_1_117' title='bbox 1271 1396 1366 1420; x_wconf 89' lang='lat' dir='ltr'>cum</span> <span class='ocrx_word' id='word_1_118' title='bbox 1397 1381 1568 1421; x_wconf 87' lang='lat' dir='ltr'>nomina</span> <span class='ocrx_word' id='word_1_119' title='bbox 1597 1381 1767 1421; x_wconf 87' lang='lat' dir='ltr'>illorum</span> 
     </span>
     <span class='ocr_line' id='line_1_18' title="bbox 376 1447 1764 1502; baseline -0.001 -13"><span class='ocrx_word' id='word_1_120' title='bbox 376 1449 531 1502; x_wconf 80' lang='lat' dir='ltr'>scripta</span> <span class='ocrx_word' id='word_1_121' title='bbox 551 1449 594 1489; x_wconf 89' lang='lat' dir='ltr'>in</span> <span class='ocrx_word' id='word_1_122' title='bbox 617 1448 763 1489; x_wconf 85' lang='lat' dir='ltr'>cedula</span> <span class='ocrx_word' id='word_1_123' title='bbox 785 1447 868 1501; x_wconf 82' lang='lat' dir='ltr'>legi</span> <span class='ocrx_word' id='word_1_124' title='bbox 890 1447 1068 1497; x_wconf 90' lang='lat' dir='ltr'>audiret,</span> <span class='ocrx_word' id='word_1_125' title='bbox 1091 1448 1361 1502; x_wconf 87' lang='lat' dir='ltr'>primumque</span> <span class='ocrx_word' id='word_1_126' title='bbox 1398 1448 1584 1488; x_wconf 83' lang='lat' dir='ltr'>omnium</span> <span class='ocrx_word' id='word_1_127' title='bbox 1606 1448 1632 1487; x_wconf 82' lang='lat' dir='ltr'>J</span> <span class='ocrx_word' id='word_1_128' title='bbox 1635 1448 1764 1488; x_wconf 90' lang='lat' dir='ltr'>ohan-</span> 
     </span>
     <span class='ocr_line' id='line_1_19' title="bbox 375 1515 1768 1568; baseline 0.001 -13"><span class='ocrx_word' id='word_1_129' title='bbox 375 1516 440 1556; x_wconf 90' lang='lat' dir='ltr'>nis</span> <span class='ocrx_word' id='word_1_130' title='bbox 460 1516 538 1556; x_wconf 91' lang='lat' dir='ltr'>filii</span> <span class='ocrx_word' id='word_1_131' title='bbox 573 1515 636 1556; x_wconf 88' lang='lat' dir='ltr'>sui</span> <span class='ocrx_word' id='word_1_132' title='bbox 672 1530 826 1555; x_wconf 87' lang='lat' dir='ltr'>nomen</span> <span class='ocrx_word' id='word_1_133' title='bbox 856 1515 1080 1568; x_wconf 82' lang='lat' dir='ltr'>legeretur,</span> <span class='ocrx_word' id='word_1_134' title='bbox 1105 1522 1305 1568; x_wconf 87' lang='lat' dir='ltr'>tanquam</span> <span class='ocrx_word' id='word_1_135' title='bbox 1338 1523 1460 1555; x_wconf 82' lang='lat' dir='ltr'>extra</span> <span class='ocrx_word' id='word_1_136' title='bbox 1479 1530 1522 1555; x_wconf 89' lang='lat' dir='ltr'>se</span> <span class='ocrx_word' id='word_1_137' title='bbox 1557 1515 1693 1556; x_wconf 84' lang='lat' dir='ltr'>factus</span> <span class='ocrx_word' id='word_1_138' title='bbox 1726 1523 1768 1556; x_wconf 90' lang='lat' dir='ltr'>et</span> 
     </span>
     <span class='ocr_line' id='line_1_20' title="bbox 375 1583 1765 1635; baseline 0 -12"><span class='ocrx_word' id='word_1_139' title='bbox 375 1591 679 1632; x_wconf 86' lang='lat' dir='ltr'>consternatus,</span> <span class='ocrx_word' id='word_1_140' title='bbox 716 1590 851 1623; x_wconf 87' lang='lat' dir='ltr'>stratu</span> <span class='ocrx_word' id='word_1_141' title='bbox 889 1597 973 1635; x_wconf 89' lang='lat' dir='ltr'>quo</span> <span class='ocrx_word' id='word_1_142' title='bbox 1009 1583 1238 1622; x_wconf 84' lang='lat' dir='ltr'>recubabat</span> <span class='ocrx_word' id='word_1_143' title='bbox 1273 1583 1415 1623; x_wconf 89' lang='lat' dir='ltr'>statim</span> <span class='ocrx_word' id='word_1_144' title='bbox 1454 1583 1499 1622; x_wconf 90' lang='lat' dir='ltr'>in</span> <span class='ocrx_word' id='word_1_145' title='bbox 1540 1583 1765 1623; x_wconf 85' lang='lat' dir='ltr'>sessionem</span> 
     </span>
     <span class='ocr_line' id='line_1_21' title="bbox 375 1649 1766 1704; baseline 0 -14"><span class='ocrx_word' id='word_1_146' title='bbox 375 1666 599 1704; x_wconf 76' lang='lat' dir='ltr'>exurgens,</span> <span class='ocrx_word' id='word_1_147' title='bbox 627 1657 669 1690; x_wconf 90' lang='lat' dir='ltr'>et</span> <span class='ocrx_word' id='word_1_148' title='bbox 701 1650 851 1690; x_wconf 89' lang='lat' dir='ltr'>acriter</span> <span class='ocrx_word' id='word_1_149' title='bbox 881 1649 1245 1703; x_wconf 85' lang='lat' dir='ltr'>circumspiciens:</span> <span class='ocrx_word' id='word_1_150' title='bbox 1281 1650 1539 1691; x_wconf 83' lang='lat' dir='ltr'>“Verumne</span> <span class='ocrx_word' id='word_1_151' title='bbox 1571 1650 1674 1699; x_wconf 88' lang='lat' dir='ltr'>est,”</span> <span class='ocrx_word' id='word_1_152' title='bbox 1702 1650 1766 1690; x_wconf 90' lang='lat' dir='ltr'>in-</span> 
     </span>
     <span class='ocr_line' id='line_1_22' title="bbox 375 1717 1766 1771; baseline -0.001 -14"><span class='ocrx_word' id='word_1_153' title='bbox 375 1718 480 1770; x_wconf 89' lang='lat' dir='ltr'>quit,</span> <span class='ocrx_word' id='word_1_154' title='bbox 504 1722 530 1739; x_wconf 74' lang='lat'>‘⁴</span> <span class='ocrx_word' id='word_1_155' title='bbox 546 1717 660 1771; x_wconf 89' lang='lat' dir='ltr'>quod</span> <span class='ocrx_word' id='word_1_156' title='bbox 679 1717 906 1766; x_wconf 85' lang='lat' dir='ltr'>Johannes,</span> <span class='ocrx_word' id='word_1_157' title='bbox 929 1731 999 1756; x_wconf 90' lang='lat' dir='ltr'>cor</span> <span class='ocrx_word' id='word_1_158' title='bbox 1019 1731 1173 1765; x_wconf 89' lang='lat' dir='ltr'>meum,</span> <span class='ocrx_word' id='word_1_159' title='bbox 1198 1732 1323 1770; x_wconf 87' lang='lat' dir='ltr'>quem</span> <span class='ocrx_word' id='word_1_160' title='bbox 1340 1732 1428 1771; x_wconf 88' lang='lat' dir='ltr'>prae</span> <span class='ocrx_word' id='word_1_161' title='bbox 1450 1717 1548 1757; x_wconf 84' lang='lat' dir='ltr'>filiis</span> <span class='ocrx_word' id='word_1_162' title='bbox 1569 1717 1766 1757; x_wconf 88' lang='lat' dir='ltr'>omnibus</span> 
     </span>
     <span class='ocr_line' id='line_1_23' title="bbox 372 1783 1762 1837; baseline 0 -13"><span class='ocrx_word' id='word_1_163' title='bbox 372 1784 505 1837; x_wconf 85' lang='lat' dir='ltr'>magis</span> <span class='ocrx_word' id='word_1_164' title='bbox 526 1784 672 1832; x_wconf 79' lang='lat' dir='ltr'>dilexi,</span> <span class='ocrx_word' id='word_1_165' title='bbox 695 1784 901 1837; x_wconf 87' lang='lat' dir='ltr'>cujusque</span> <span class='ocrx_word' id='word_1_166' title='bbox 922 1783 1199 1837; x_wconf 88' lang='lat' dir='ltr'>promotionis</span> <span class='ocrx_word' id='word_1_167' title='bbox 1221 1799 1344 1824; x_wconf 85' lang='lat' dir='ltr'>causa</span> <span class='ocrx_word' id='word_1_168' title='bbox 1376 1785 1466 1825; x_wconf 82' lang='lat' dir='ltr'>haec</span> <span class='ocrx_word' id='word_1_169' title='bbox 1495 1785 1634 1825; x_wconf 88' lang='lat' dir='ltr'>omnia</span> <span class='ocrx_word' id='word_1_170' title='bbox 1654 1785 1762 1824; x_wconf 88' lang='lat' dir='ltr'>mala</span> 
     </span>
     <span class='ocr_line' id='line_1_24' title="bbox 373 1850 1762 1906; baseline 0.001 -15"><span class='ocrx_word' id='word_1_171' title='bbox 373 1852 568 1901; x_wconf 87' lang='lat' dir='ltr'>sustinui,</span> <span class='ocrx_word' id='word_1_172' title='bbox 590 1867 614 1892; x_wconf 86' lang='lat' dir='ltr'>a</span> <span class='ocrx_word' id='word_1_173' title='bbox 634 1867 699 1892; x_wconf 91' lang='lat' dir='ltr'>me</span> <span class='ocrx_word' id='word_1_174' title='bbox 721 1851 911 1891; x_wconf 81' lang='lat' dir='ltr'>discessit</span> <span class='ocrx_word' id='word_1_175' title='bbox 926 1850 967 1890; x_wconf 82' lang='lat'>?”</span> <span class='ocrx_word' id='word_1_176' title='bbox 1028 1850 1342 1905; x_wconf 88' lang='lat' dir='ltr'>Compertoque</span> <span class='ocrx_word' id='word_1_177' title='bbox 1360 1867 1437 1906; x_wconf 91' lang='lat' dir='ltr'>pro</span> <span class='ocrx_word' id='word_1_178' title='bbox 1456 1859 1570 1892; x_wconf 89' lang='lat' dir='ltr'>certo</span> <span class='ocrx_word' id='word_1_179' title='bbox 1585 1852 1684 1906; x_wconf 91' lang='lat' dir='ltr'>quia</span> <span class='ocrx_word' id='word_1_180' title='bbox 1705 1853 1762 1892; x_wconf 90' lang='lat' dir='ltr'>sic</span> 
     </span>
     <span class='ocr_line' id='line_1_25' title="bbox 372 1918 1764 1974; baseline 0.001 -17"><span class='ocrx_word' id='word_1_181' title='bbox 372 1926 472 1968; x_wconf 85' lang='lat' dir='ltr'>erat,</span> <span class='ocrx_word' id='word_1_182' title='bbox 496 1919 650 1959; x_wconf 89' lang='lat' dir='ltr'>iterum</span> <span class='ocrx_word' id='word_1_183' title='bbox 672 1934 714 1959; x_wconf 89' lang='lat' dir='ltr'>se</span> <span class='ocrx_word' id='word_1_184' title='bbox 741 1918 850 1959; x_wconf 91' lang='lat' dir='ltr'>lecto</span> <span class='ocrx_word' id='word_1_185' title='bbox 875 1918 1053 1967; x_wconf 89' lang='lat' dir='ltr'>rediens,</span> <span class='ocrx_word' id='word_1_186' title='bbox 1080 1918 1314 1972; x_wconf 82' lang='lat' dir='ltr'>faciemque</span> <span class='ocrx_word' id='word_1_187' title='bbox 1340 1934 1456 1959; x_wconf 86' lang='lat' dir='ltr'>suam</span> <span class='ocrx_word' id='word_1_188' title='bbox 1478 1920 1529 1959; x_wconf 87' lang='lat' dir='ltr'>ad</span> <span class='ocrx_word' id='word_1_189' title='bbox 1560 1919 1764 1974; x_wconf 86' lang='lat' dir='ltr'>parietem</span> 
     </span>
     <span class='ocr_line' id='line_1_26' title="bbox 372 1985 1764 2040; baseline 0.001 -15"><span class='ocrx_word' id='word_1_190' title='bbox 372 1994 536 2026; x_wconf 75' lang='lat' dir='ltr'>vertens</span> <span class='ocrx_word' id='word_1_191' title='bbox 577 1994 618 2026; x_wconf 92' lang='lat' dir='ltr'>et</span> <span class='ocrx_word' id='word_1_192' title='bbox 668 1986 794 2026; x_wconf 88' lang='lat' dir='ltr'>altius</span> <span class='ocrx_word' id='word_1_193' title='bbox 837 1985 1129 2038; x_wconf 80' lang='lat' dir='ltr'>ingemiscens,</span> <span class='ocrx_word' id='word_1_194' title='bbox 1173 1985 1429 2035; x_wconf 81' lang='lat' dir='ltr'>“Vadant,’&#39;</span> <span class='ocrx_word' id='word_1_195' title='bbox 1470 1986 1625 2040; x_wconf 88' lang='lat' dir='ltr'>inquit,</span> <span class='ocrx_word' id='word_1_196' title='bbox 1668 1987 1764 2026; x_wconf 91' lang='lat' dir='ltr'>“de</span> 
     </span>
     <span class='ocr_line' id='line_1_27' title="bbox 372 2052 1765 2107; baseline 0.002 -16"><span class='ocrx_word' id='word_1_197' title='bbox 372 2060 510 2093; x_wconf 89' lang='lat' dir='ltr'>cetero</span> <span class='ocrx_word' id='word_1_198' title='bbox 546 2060 696 2092; x_wconf 86' lang='lat' dir='ltr'>cuncta</span> <span class='ocrx_word' id='word_1_199' title='bbox 735 2052 844 2092; x_wconf 89' lang='lat' dir='ltr'>sicut</span> <span class='ocrx_word' id='word_1_200' title='bbox 881 2058 1110 2105; x_wconf 83' lang='lat' dir='ltr'>poterunt3</span> <span class='ocrx_word' id='word_1_201' title='bbox 1156 2067 1233 2105; x_wconf 83' lang='lat' dir='ltr'>ego</span> <span class='ocrx_word' id='word_1_202' title='bbox 1266 2053 1316 2092; x_wconf 88' lang='lat' dir='ltr'>de</span> <span class='ocrx_word' id='word_1_203' title='bbox 1351 2067 1418 2092; x_wconf 88' lang='lat' dir='ltr'>me</span> <span class='ocrx_word' id='word_1_204' title='bbox 1449 2054 1629 2107; x_wconf 89' lang='lat' dir='ltr'>amplius</span> <span class='ocrx_word' id='word_1_205' title='bbox 1659 2055 1765 2094; x_wconf 90' lang='lat' dir='ltr'>nihil</span> 
     </span>
     <span class='ocr_line' id='line_1_28' title="bbox 372 2118 1761 2174; baseline 0.002 -16"><span class='ocrx_word' id='word_1_206' title='bbox 372 2133 511 2172; x_wconf 85' lang='lat' dir='ltr'>neque</span> <span class='ocrx_word' id='word_1_207' title='bbox 551 2119 602 2158; x_wconf 88' lang='lat' dir='ltr'>de</span> <span class='ocrx_word' id='word_1_208' title='bbox 642 2119 799 2158; x_wconf 89' lang='lat' dir='ltr'>mundo</span> <span class='ocrx_word' id='word_1_209' title='bbox 840 2118 1069 2171; x_wconf 90' lang='lat' dir='ltr'>quicquam</span> <span class='ocrx_word' id='word_1_210' title='bbox 1119 2118 1260 2158; x_wconf 88' lang='lat' dir='ltr'>curo.&#39;’</span> <span class='ocrx_word' id='word_1_211' title='bbox 1337 2118 1458 2159; x_wconf 87' lang='lat' dir='ltr'>Sicut</span> <span class='ocrx_word' id='word_1_212' title='bbox 1496 2128 1637 2160; x_wconf 84' lang='lat' dir='ltr'>autem</span> <span class='ocrx_word' id='word_1_213' title='bbox 1688 2122 1761 2174; x_wconf 91' lang='lat' dir='ltr'>qui</span> 
     </span>
     <span class='ocr_line' id='line_1_29' title="bbox 371 2184 1760 2240; baseline 0.001 -15"><span class='ocrx_word' id='word_1_214' title='bbox 371 2193 602 2239; x_wconf 86' lang='lat' dir='ltr'>praesentes</span> <span class='ocrx_word' id='word_1_215' title='bbox 627 2185 858 2225; x_wconf 83' lang='lat' dir='ltr'>extiterant</span> <span class='ocrx_word' id='word_1_216' title='bbox 889 2184 1024 2224; x_wconf 87' lang='lat' dir='ltr'>verbis</span> <span class='ocrx_word' id='word_1_217' title='bbox 1056 2185 1265 2225; x_wconf 85' lang='lat' dir='ltr'>assertivis</span> <span class='ocrx_word' id='word_1_218' title='bbox 1298 2186 1586 2226; x_wconf 89' lang='lat' dir='ltr'>testimonium</span> <span class='ocrx_word' id='word_1_219' title='bbox 1618 2187 1760 2240; x_wconf 88' lang='lat' dir='ltr'>perhi-</span> 
     </span>
     <span class='ocr_line' id='line_1_30' title="bbox 370 2251 1761 2301; baseline 0.002 -9"><span class='ocrx_word' id='word_1_220' title='bbox 370 2253 515 2301; x_wconf 89' lang='lat' dir='ltr'>buere,</span> <span class='ocrx_word' id='word_1_221' title='bbox 538 2252 643 2292; x_wconf 90' lang='lat' dir='ltr'>nihil</span> <span class='ocrx_word' id='word_1_222' title='bbox 674 2252 777 2292; x_wconf 90' lang='lat' dir='ltr'>adeo</span> <span class='ocrx_word' id='word_1_223' title='bbox 809 2251 945 2290; x_wconf 88' lang='lat' dir='ltr'>morbi</span> <span class='ocrx_word' id='word_1_224' title='bbox 975 2251 1180 2291; x_wconf 88' lang='lat' dir='ltr'>malitiam</span> <span class='ocrx_word' id='word_1_225' title='bbox 1211 2259 1284 2292; x_wconf 88' lang='lat' dir='ltr'>aut</span> <span class='ocrx_word' id='word_1_226' title='bbox 1304 2252 1610 2293; x_wconf 85' lang='lat' dir='ltr'>vehementiam</span> <span class='ocrx_word' id='word_1_227' title='bbox 1641 2270 1761 2295; x_wconf 82' lang='lat' dir='ltr'>exas-</span> 
     </span>
     <span class='ocr_line' id='line_1_31' title="bbox 370 2317 1761 2373; baseline 0.003 -15"><span class='ocrx_word' id='word_1_228' title='bbox 370 2319 546 2373; x_wconf 90' lang='lat' dir='ltr'>peravit,</span> <span class='ocrx_word' id='word_1_229' title='bbox 565 2318 671 2358; x_wconf 91' lang='lat' dir='ltr'>nihil</span> <span class='ocrx_word' id='word_1_230' title='bbox 691 2326 869 2358; x_wconf 87' lang='lat' dir='ltr'>mortem</span> <span class='ocrx_word' id='word_1_231' title='bbox 888 2317 1020 2372; x_wconf 89' lang='lat' dir='ltr'>ipsius</span> <span class='ocrx_word' id='word_1_232' title='bbox 1048 2318 1156 2358; x_wconf 89' lang='lat' dir='ltr'>sicut</span> <span class='ocrx_word' id='word_1_233' title='bbox 1183 2319 1301 2358; x_wconf 91' lang='lat' dir='ltr'>dolor</span> <span class='ocrx_word' id='word_1_234' title='bbox 1332 2319 1410 2359; x_wconf 89' lang='lat' dir='ltr'>iste</span> <span class='ocrx_word' id='word_1_235' title='bbox 1433 2320 1599 2361; x_wconf 88' lang='lat' dir='ltr'>subitus</span> <span class='ocrx_word' id='word_1_236' title='bbox 1621 2328 1664 2362; x_wconf 89' lang='lat' dir='ltr'>et</span> <span class='ocrx_word' id='word_1_237' title='bbox 1698 2322 1761 2362; x_wconf 90' lang='lat' dir='ltr'>in-</span> 
     </span>
    </p>
   </div>
   <div class='ocr_carea' id='block_1_3' title="bbox 371 2383 865 2440">
    <p class='ocr_par' dir='ltr' id='par_1_4' title="bbox 371 2383 865 2440">
     <span class='ocr_line' id='line_1_32' title="bbox 371 2383 865 2440; baseline 0.002 -16"><span class='ocrx_word' id='word_1_238' title='bbox 371 2386 567 2440; x_wconf 83' lang='lat' dir='ltr'>opinatus</span> <span class='ocrx_word' id='word_1_239' title='bbox 587 2383 865 2426; x_wconf 86' lang='lat' dir='ltr'>acceleravit.¹</span> 
     </span>
    </p>
   </div>
   <div class='ocr_carea' id='block_1_4' title="bbox 365 2482 1759 2806">
    <p class='ocr_par' dir='ltr' id='par_1_5' title="bbox 365 2482 1759 2806">
     <span class='ocr_line' id='line_1_33' title="bbox 418 2482 1756 2532; baseline 0.004 -17"><span class='ocrx_word' id='word_1_240' title='bbox 418 2484 425 2501; x_wconf 91' lang='lat'>¹</span> <span class='ocrx_word' id='word_1_241' title='bbox 452 2483 601 2516; x_wconf 83' lang='lat' dir='ltr'>Gervase</span> <span class='ocrx_word' id='word_1_242' title='bbox 630 2483 668 2515; x_wconf 88' lang='lat' dir='ltr'>of</span> <span class='ocrx_word' id='word_1_243' title='bbox 691 2482 913 2527; x_wconf 83' lang='lat' dir='ltr'>Canterbury,</span> <span class='ocrx_word' id='word_1_244' title='bbox 941 2483 1025 2525; x_wconf 85' lang='lat' dir='ltr'>who,</span> <span class='ocrx_word' id='word_1_245' title='bbox 1098 2483 1215 2528; x_wconf 87' lang='lat' dir='ltr'>Henry</span> <span class='ocrx_word' id='word_1_246' title='bbox 1232 2496 1299 2518; x_wconf 86' lang='lat' dir='ltr'>was</span> <span class='ocrx_word' id='word_1_247' title='bbox 1325 2487 1545 2531; x_wconf 80' lang='lat' dir='ltr'>exasperated</span> <span class='ocrx_word' id='word_1_248' title='bbox 1571 2486 1616 2532; x_wconf 89' lang='lat' dir='ltr'>by</span> <span class='ocrx_word' id='word_1_249' title='bbox 1642 2498 1756 2521; x_wconf 74' lang='lat' dir='ltr'>coasc-</span> 
     </span>
     <span class='ocr_line' id='line_1_34' title="bbox 370 2528 1342 2573; baseline 0.003 -12"><span class='ocrx_word' id='word_1_250' title='bbox 370 2529 403 2561; x_wconf 92' lang='lat' dir='ltr'>in</span> <span class='ocrx_word' id='word_1_251' title='bbox 437 2529 507 2561; x_wconf 81' lang='lat' dir='ltr'>zea]</span> <span class='ocrx_word' id='word_1_252' title='bbox 540 2529 591 2561; x_wconf 84' lang='lat' dir='ltr'>for</span> <span class='ocrx_word' id='word_1_253' title='bbox 627 2529 680 2561; x_wconf 85' lang='lat' dir='ltr'>his</span> <span class='ocrx_word' id='word_1_254' title='bbox 714 2528 901 2573; x_wconf 86' lang='lat' dir='ltr'>fraternity,</span> <span class='ocrx_word' id='word_1_255' title='bbox 931 2530 1026 2561; x_wconf 85' lang='lat' dir='ltr'>attri—</span> <span class='ocrx_word' id='word_1_256' title='bbox 1095 2529 1161 2562; x_wconf 81' lang='lat' dir='ltr'>less</span> <span class='ocrx_word' id='word_1_257' title='bbox 1179 2530 1342 2565; x_wconf 76' lang='lat' dir='ltr'>troubles.</span> 
     </span>
     <span class='ocr_line' id='line_1_35' title="bbox 368 2574 1757 2618; baseline 0.004 -12"><span class='ocrx_word' id='word_1_258' title='bbox 368 2574 465 2606; x_wconf 85' lang='lat' dir='ltr'>butes</span> <span class='ocrx_word' id='word_1_259' title='bbox 482 2574 539 2606; x_wconf 85' lang='lat' dir='ltr'>the</span> <span class='ocrx_word' id='word_1_260' title='bbox 558 2574 679 2618; x_wconf 76' lang='lat' dir='ltr'>King&#39;s</span> <span class='ocrx_word' id='word_1_261' title='bbox 697 2574 796 2606; x_wconf 85' lang='lat' dir='ltr'>death</span> <span class='ocrx_word' id='word_1_262' title='bbox 815 2580 848 2606; x_wconf 90' lang='lat' dir='ltr'>to</span> <span class='ocrx_word' id='word_1_263' title='bbox 874 2574 930 2607; x_wconf 83' lang='lat' dir='ltr'>the</span> <span class='ocrx_word' id='word_1_264' title='bbox 949 2586 1026 2607; x_wconf 89' lang='lat' dir='ltr'>ven-</span> <span class='ocrx_word' id='word_1_265' title='bbox 1141 2576 1188 2608; x_wconf 92' lang='lat' dir='ltr'>At</span> <span class='ocrx_word' id='word_1_266' title='bbox 1212 2576 1268 2609; x_wconf 89' lang='lat' dir='ltr'>the</span> <span class='ocrx_word' id='word_1_267' title='bbox 1296 2577 1378 2610; x_wconf 87' lang='lat' dir='ltr'>time</span> <span class='ocrx_word' id='word_1_268' title='bbox 1404 2578 1442 2610; x_wconf 90' lang='lat' dir='ltr'>of</span> <span class='ocrx_word' id='word_1_269' title='bbox 1469 2578 1522 2611; x_wconf 85' lang='lat' dir='ltr'>his</span> <span class='ocrx_word' id='word_1_270' title='bbox 1548 2578 1613 2611; x_wconf 82' lang='lat' dir='ltr'>last</span> <span class='ocrx_word' id='word_1_271' title='bbox 1642 2578 1757 2612; x_wconf 86' lang='lat' dir='ltr'>illness</span> 
     </span>
     <span class='ocr_line' id='line_1_36' title="bbox 366 2619 1759 2669; baseline 0.005 -18"><span class='ocrx_word' id='word_1_272' title='bbox 366 2631 491 2663; x_wconf 64' lang='lat' dir='ltr'>geanee</span> <span class='ocrx_word' id='word_1_273' title='bbox 521 2620 558 2651; x_wconf 81' lang='lat' dir='ltr'>of</span> <span class='ocrx_word' id='word_1_274' title='bbox 579 2620 628 2653; x_wconf 82' lang='lat' dir='ltr'>St.</span> <span class='ocrx_word' id='word_1_275' title='bbox 649 2619 796 2652; x_wconf 85' lang='lat' dir='ltr'>Thomas</span> <span class='ocrx_word' id='word_1_276' title='bbox 820 2619 958 2652; x_wconf 82' lang='lat' dir='ltr'>exerted</span> <span class='ocrx_word' id='word_1_277' title='bbox 976 2620 1025 2652; x_wconf 81' lang='lat' dir='ltr'>for</span> <span class='ocrx_word' id='word_1_278' title='bbox 1094 2620 1150 2653; x_wconf 86' lang='lat' dir='ltr'>the</span> <span class='ocrx_word' id='word_1_279' title='bbox 1177 2622 1329 2655; x_wconf 85' lang='lat' dir='ltr'>Convent</span> <span class='ocrx_word' id='word_1_280' title='bbox 1354 2623 1392 2656; x_wconf 89' lang='lat' dir='ltr'>of</span> <span class='ocrx_word' id='word_1_281' title='bbox 1414 2624 1623 2669; x_wconf 85' lang='lat' dir='ltr'>Canterbury</span> <span class='ocrx_word' id='word_1_282' title='bbox 1640 2632 1713 2658; x_wconf 85' lang='lat' dir='ltr'>sent</span> <span class='ocrx_word' id='word_1_283' title='bbox 1739 2637 1759 2658; x_wconf 91' lang='lat' dir='ltr'>a</span> 
     </span>
     <span class='ocr_line' id='line_1_37' title="bbox 367 2665 1757 2715; baseline 0.004 -18"><span class='ocrx_word' id='word_1_284' title='bbox 367 2665 418 2697; x_wconf 87' lang='lat' dir='ltr'>his</span> <span class='ocrx_word' id='word_1_285' title='bbox 452 2665 583 2707; x_wconf 83' lang='lat' dir='ltr'>lnonks,</span> <span class='ocrx_word' id='word_1_286' title='bbox 609 2672 757 2697; x_wconf 82' lang='lat' dir='ltr'>narrates</span> <span class='ocrx_word' id='word_1_287' title='bbox 789 2677 830 2697; x_wconf 87' lang='lat' dir='ltr'>an</span> <span class='ocrx_word' id='word_1_288' title='bbox 862 2665 1024 2698; x_wconf 86' lang='lat' dir='ltr'>anecdote</span> <span class='ocrx_word' id='word_1_289' title='bbox 1094 2666 1289 2711; x_wconf 85' lang='lat' dir='ltr'>deputation</span> <span class='ocrx_word' id='word_1_290' title='bbox 1304 2674 1338 2701; x_wconf 89' lang='lat' dir='ltr'>to</span> <span class='ocrx_word' id='word_1_291' title='bbox 1352 2669 1409 2702; x_wconf 85' lang='lat' dir='ltr'>the</span> <span class='ocrx_word' id='word_1_292' title='bbox 1424 2669 1527 2714; x_wconf 80' lang='lat' dir='ltr'>King,</span> <span class='ocrx_word' id='word_1_293' title='bbox 1546 2676 1580 2703; x_wconf 84' lang='lat' dir='ltr'>to</span> <span class='ocrx_word' id='word_1_294' title='bbox 1598 2671 1653 2715; x_wconf 91' lang='lat' dir='ltr'>lay</span> <span class='ocrx_word' id='word_1_295' title='bbox 1671 2671 1757 2704; x_wconf 85' lang='lat' dir='ltr'>their</span> 
     </span>
     <span class='ocr_line' id='line_1_38' title="bbox 366 2710 1755 2760; baseline 0.005 -18"><span class='ocrx_word' id='word_1_296' title='bbox 366 2710 475 2743; x_wconf 89' lang='lat' dir='ltr'>which</span> <span class='ocrx_word' id='word_1_297' title='bbox 515 2711 542 2743; x_wconf 81' lang='lat' dir='ltr'>is</span> <span class='ocrx_word' id='word_1_298' title='bbox 577 2722 655 2755; x_wconf 83' lang='lat' dir='ltr'>very</span> <span class='ocrx_word' id='word_1_299' title='bbox 673 2711 932 2753; x_wconf 81' lang='lat' dir='ltr'>characteristic,</span> <span class='ocrx_word' id='word_1_300' title='bbox 958 2712 1023 2744; x_wconf 88' lang='lat' dir='ltr'>and</span> <span class='ocrx_word' id='word_1_301' title='bbox 1093 2713 1241 2746; x_wconf 81' lang='lat' dir='ltr'>troubles</span> <span class='ocrx_word' id='word_1_302' title='bbox 1267 2714 1379 2748; x_wconf 79' lang='lat' dir='ltr'>before</span> <span class='ocrx_word' id='word_1_303' title='bbox 1396 2715 1492 2756; x_wconf 84' lang='lat' dir='ltr'>l1i1n3</span> <span class='ocrx_word' id='word_1_304' title='bbox 1516 2720 1755 2760; x_wconf 83' lang='lat' dir='ltr'>“temptantes</span> 
     </span>
     <span class='ocr_line' id='line_1_39' title="bbox 365 2756 1753 2806; baseline 0.006 -18"><span class='ocrx_word' id='word_1_305' title='bbox 365 2757 475 2790; x_wconf 81' lang='lat' dir='ltr'>shows</span> <span class='ocrx_word' id='word_1_306' title='bbox 509 2756 583 2789; x_wconf 86' lang='lat' dir='ltr'>how</span> <span class='ocrx_word' id='word_1_307' title='bbox 617 2756 718 2789; x_wconf 85' lang='lat' dir='ltr'>much</span> <span class='ocrx_word' id='word_1_308' title='bbox 760 2756 817 2789; x_wconf 79' lang='lat' dir='ltr'>the</span> <span class='ocrx_word' id='word_1_309' title='bbox 854 2756 949 2789; x_wconf 83' lang='lat' dir='ltr'>mind</span> <span class='ocrx_word' id='word_1_310' title='bbox 990 2757 1027 2789; x_wconf 88' lang='lat' dir='ltr'>of</span> <span class='ocrx_word' id='word_1_311' title='bbox 1093 2760 1186 2804; x_wconf 84' lang='lat' dir='ltr'>(says</span> <span class='ocrx_word' id='word_1_312' title='bbox 1214 2759 1271 2792; x_wconf 83' lang='lat' dir='ltr'>the</span> <span class='ocrx_word' id='word_1_313' title='bbox 1303 2761 1514 2806; x_wconf 81' lang='lat' dir='ltr'>Chronicler)</span> <span class='ocrx_word' id='word_1_314' title='bbox 1543 2762 1571 2795; x_wconf 86' lang='lat' dir='ltr'>si</span> <span class='ocrx_word' id='word_1_315' title='bbox 1606 2763 1690 2796; x_wconf 80' lang='lat' dir='ltr'>forte</span> <span class='ocrx_word' id='word_1_316' title='bbox 1721 2763 1753 2795; x_wconf 83' lang='lat' dir='ltr'>in</span> 
     </span>
    </p>
   </div>
  </div>
 </body>
</html>
