1908 3135
688 367 1157 428 APPENDIX.

903 653 939 694 Ι.

301 787 633 830 INCIPIUNT
665 788 983 830 CAPITULA
1015 790 1235 831 PRIMAE
1268 790 1541 832 DISTINC-

336 1004 365 1031 1.

317 1073 365 1100 11.

297 1139 363 1167 111.

305 1207 365 1235 lv.

316 1275 357 1301 V.

295 1342 355 1370 VI.

274 1409 352 1436 VII.

259 1476 354 1504 VIII.

295 1543 357 1571 IX.

310 1610 354 1638 X.

296 1677 359 1704 XI.

274 1744 356 1772 XII.

253 1810 354 1838 XIII.

260 1878 354 1905 xlv.

278 1944 352 1972 XV.

257 2011 350 2039 XVI.

237 2077 349 2105 XVII.

211 2143 342 2173 XVIII.

256 2276 337 2303 XIX

268 2343 346 2370 XX·

258 2410 338 2437 XXI

258 2581 347 2627 ,By

209 2627 337 2672 prefixe

805 856 1032 897 TIONIS.

399 992 466 1032 De
487 992 689 1047 principis
707 993 1005 1033 moderamine.

399 1060 467 1100 De
486 1060 691 1114 principis
710 1059 1050 1100 mansuetudine.

397 1127 465 1167 De
484 1127 688 1182 principis
709 1126 972 1168 verecundia.

398 1194 466 1235 De
486 1195 689 1249 principis
710 1192 928 1249 pudicitia.

391 1261 458 1302 De
479 1262 684 1316 principis
704 1261 925 1315 patientia.

387 1329 455 1370 De
475 1328 678 1384 principis
699 1327 992 1382 temperantia.

386 1396 455 1437 De
476 1396 678 1450 principis
700 1394 935 1436 clementia.

387 1463 455 1503 De
475 1463 678 1517 principis
698 1461 1000 1504 munificentia.

390 1530 458 1571 De
478 1530 680 1585 principis
701 1528 1025 1582 magnificentia.

389 1597 458 1638 De
474 1597 678 1651 principis
692 1596 873 1651 justitia.

393 1664 462 1704 De
480 1663 683 1718 principis
702 1662 942 1717 prudentia.

388 1731 456 1772 De
476 1730 680 1785 principis
700 1728 978 1785 providentia.

387 1798 454 1838 De
473 1797 678 1851 principis
693 1796 912 1838 modestia.

386 1864 455 1905 De
475 1863 679 1918 principis
699 1863 873 1904 audacia
893 1869 937 1904 et
955 1863 1235 1903 animositate.

385 1931 454 1972 De
473 1931 676 1985 principis
695 1930 828 1984 gloria
847 1936 891 1970 et
910 1929 1146 1970 nobilitate.

383 1998 452 2038 De
473 1997 711 2038 differentia
729 1997 842 2037 inter
862 1996 1028 2051 Regem
1049 2003 1092 2037 et
1112 2003 1353 2049 tyrannum.

381 2064 449 2104 De
471 2071 748 2119 tyrannorum
768 2064 890 2104 obitu
911 2070 954 2103 et
972 2063 1056 2103 fine
1078 2070 1268 2104 cruento.

375 2131 443 2171 De
473 2131 714 2185 principum
745 2130 976 2171 electorum
1005 2136 1091 2170 tam
1123 2129 1211 2170 vita
1240 2129 1444 2169 laudabili
1477 2144 1602 2183 quam

437 2197 536 2237 fine.

343 2294 352 2304 .
386 2263 453 2303 De
473 2262 772 2317 principalium
792 2262 1012 2302 nominum
1031 2261 1312 2315 expositione.

378 2329 445 2370 De
466 2329 668 2383 principis
688 2329 892 2381 religione
913 2343 960 2368 ac
981 2327 1216 2369 devotione.

344 2428 353 2438 .
386 2396 455 2436 De
484 2396 601 2436 finali
630 2395 832 2450 principis
862 2395 1098 2436 intentione
1121 2401 1164 2435 et
1193 2394 1306 2435 felici
1338 2395 1468 2436 totius
1498 2396 1597 2436 vitae

438 2463 830 2503 consummatione.¹

365 2582 422 2615 the
441 2582 547 2614 above
564 2581 622 2615 list
647 2581 685 2614 of
706 2580 870 2626 Chapters
940 2579 1012 2613 The
1046 2586 1194 2613 extracts
1233 2579 1342 2612 which
1375 2579 1486 2612 follow
1519 2591 1596 2612 con-

340 2627 361 2660 d
386 2633 420 2660 to
445 2628 502 2660 the
525 2627 598 2660 first
621 2627 721 2669 book,
740 2638 776 2659 or
794 2626 872 2659 Dis-
938 2627 1007 2659 tain
1041 2626 1123 2659 such
1166 2625 1344 2658 selections
1378 2626 1461 2658 from
1503 2625 1527 2657 it
1560 2636 1595 2657 as

210 2673 365 2715 tinction‚
393 2673 451 2706 the
484 2672 600 2706 reader
627 2672 694 2705 will
723 2672 766 2705 be
795 2672 870 2704 able
938 2683 1023 2704 were
1045 2671 1149 2715 likely
1168 2678 1200 2703 to
1219 2671 1259 2703 bc
1277 2671 1424 2715 anywise
1442 2671 1595 2703 interest-

210 2725 245 2751 to
262 2719 347 2752 form
361 2730 381 2752 a
397 2719 459 2752 fair
485 2718 559 2751 idea
577 2718 615 2751 of
636 2719 678 2751 its
704 2723 868 2751 eontents.
937 2717 994 2762 ing
1013 2723 1046 2750 to
1064 2717 1120 2750 the
1138 2717 1311 2750 historiam.
