1908 3135
158 861 216 885 The
230 860 344 884 Embas-

161 893 253 917 sadors
266 893 295 917 of
305 892 351 916 the

160 926 253 951 Latius
266 925 317 949 im-

159 958 285 991 prisoned
295 968 300 987 3
312 958 362 982 but

161 991 316 1016 afterwards

161 1028 201 1049 set
213 1025 277 1048 free.
303 1023 361 1048 The

163 1057 264 1082 Greeks
275 1064 337 1081 con-

159 1090 235 1114 tinue
248 1089 318 1114 their

159 1123 241 1148 wiles.

372 290 454 329 130
778 296 1017 328 GIRALDUS
1051 293 1352 327 CAMBRENSIS

951 496 1056 536 CAP.
1081 494 1192 535 XX.

374 600 441 639 De
466 598 621 638 nuntiis
652 596 707 635 ad
733 595 1029 648 Imperatorem
1057 594 1242 634 Graecmn
1274 590 1536 638 transmissis,
1550 589 1765 642 primoque

432 667 566 719 captis
593 671 633 704 et
657 663 844 712 detentis,
867 662 1011 702 deinde
1033 676 1083 701 θα)
1105 662 1245 700 timore
1265 659 1443 699 remissis
1465 664 1504 697 et
1524 657 1766 696 victualium

421 734 518 785 foro
540 734 751 772 conce-§sal

439 837 713 878 IMPERATOR
761 835 933 888 quidem
973 835 1216 887 episcopum
1255 831 1635 873 Monasteriensem
1673 845 1768 870 cum

380 905 471 945 aliis
518 904 770 957 quibusdam
821 900 1097 955 principibus,
1137 900 1215 939 sub
1264 899 1444 939 obtentu
1492 898 1619 951 pacis,
1660 897 1771 937 Con-

380 970 695 1024 stantinopolim
724 970 813 1023 jam
847 974 944 1008 ante
977 967 1274 1007 transmiserat.
1337 965 1457 1007 Quos
1488 965 1772 1017 nequissimus

380 1045 422 1079 et
456 1037 636 1078 crudelis
676 1036 911 1090 tyrannus2
950 1034 1125 1075 retrusit
1163 1034 1207 1073 in
1248 1047 1469 1081 carcerem,
1509 1047 1585 1071 nec
1625 1047 1770 1085 pacem

379 1106 508 1160 legati
546 1104 700 1144 violare
753 1102 1009 1157 perhorruit,
1051 1116 1178 1155 quam
1226 1100 1352 1140 etiam
1406 1100 1520 1153 apud
1572 1099 1771 1139 barbaros

380 1173 521 1213 sanxit
565 1170 810 1223 antiquitas,
851 1169 1111 1209 consuetudo
1157 1168 1376 1222 approbat,
1416 1167 1612 1206 honestas
1662 1181 1774 1206 com·

379 1240 562 1280 mendat.
625 1237 903 1277 Postmodum
936 1251 1034 1275 vero
1073 1242 1191 1275 metu
1230 1235 1373 1289 potius
1408 1249 1533 1288 quam
1567 1233 1676 1288 juris
1710 1233 1770 1273 in-

380 1307 496 1347 tuitu
536 1306 701 1353 ductus,
738 1304 899 1357 legatos
937 1303 1088 1356 ligatos
1128 1301 1321 1350 absolvit,
1352 1316 1449 1341 nam
1490 1301 1606 1341 urbis
1642 1300 1771 1353 regiae

381 1373 558 1413 timebat
589 1371 819 1419 excidium,
841 1371 875 1410 si
905 1377 1144 1410 nostrorum
1165 1369 1288 1409 citius
1316 1383 1398 1409 non
1420 1368 1624 1422 placasset
1645 1368 1775 1407 offen—

382 1455 481 1480 sam.
543 1438 735 1492 Dignum
765 1452 863 1477 sane
885 1436 999 1490 quod
1028 1436 1129 1476 urbs
1155 1436 1227 1476 illa
1257 1435 1345 1476 solo
1366 1442 1489 1475 tenus
1511 1450 1652 1475 eversa
1680 1450 1777 1488 pro-

383 1506 614 1546 cumberet.
695 1504 807 1544 Nam
859 1504 892 1543 si
930 1503 1054 1543 famae
1104 1503 1302 1552 creditur,
1342 1502 1460 1542 novis
1506 1501 1777 1556 polluebatur

384 1571 663 1620 MahumetiS,
695 1585 802 1624 quos
835 1570 1020 1624 perfidus
1051 1570 1289 1624 Imperator
1319 1569 1554 1609 indulserat
1587 1569 1693 1619 fieri,
1726 1576 1776 1609 ut

382 1640 526 1680 foedus
557 1638 672 1692 quod
693 1637 960 1678 Turchorum
990 1637 1143 1677 inierat
1163 1638 1421 1691 conjuratus,
1443 1637 1654 1691 obligatus
1679 1651 1777 1676 con-

383 1707 581 1746 firmaret.
656 1705 751 1746 Jam
791 1715 914 1745 aestas
951 1704 1162 1744 decoctior
1200 1704 1245 1743 in
1286 1710 1539 1744 autumnum
1565 1705 1775 1757 vergebat,

386 1780 428 1813 et
471 1773 615 1813 Librae
666 1772 832 1826 signum
873 1772 1053 1825 quadam
1093 1771 1337 1825 aequalitate
1377 1778 1617 1826 temporum
1667 1772 1779 1812 diem

385 1846 638 1894 noctemque
670 1839 865 1879 librabat.
927 1838 1163 1892 Imperator
1194 1838 1499 1888 Romanorum,
1532 1839 1633 1879 Rex
1664 1854 1780 1892 mag-

386 1907 550 1956 nificus,
601 1906 828 1960 hyemandi
884 1905 1020 1959 gratia
1071 1904 1393 1959 Adrianopolim
1447 1906 1598 1956 tendit,
1653 1921 1780 1960 quam

387 1989 558 2014 vacuam
580 1980 623 2013 et
651 1974 702 2013 ab
723 1973 870 2012 incolis
890 1973 1096 2012 desertam
1125 1972 1350 2026 ingressus,
1373 1972 1531 2013 ibidem
1555 1974 1779 2014 stationem

388 2041 558 2089 faciens,
580 2040 776 2080 movendi
796 2046 930 2079 castra
950 2046 1116 2092 tempus
1139 2046 1351 2093 expectat.

448 2106 555 2146 Dux
588 2105 758 2145 Suabiae
790 2106 901 2145 filius
930 2105 1202 2159 Imperatoris
1231 2105 1383 2145 timens
1414 2121 1466 2146 ne
1496 2107 1583 2147 otia
1613 2108 1779 2158 luxum,

390 2174 519 2213 luxus
532 2172 738 2226 ignaviam
752 2179 933 2226 pareret,
947 2172 1025 2211 sub
1037 2171 1130 2225 ipso
1142 2178 1331 2225 tempore
1343 2172 1534 2226 hyberno
1547 2175 1685 2214 exerci
1693 2182 1784 2215 tum

393 2240 676 2281 exercendum
697 2239 860 2289 statuit,
883 2245 926 2279 et
946 2233 1127 2279 castrum
1150 2239 1375 2292 quoddam,
1398 2241 1513 2293 quod
1542 2255 1628 2280 non
1658 2241 1781 2295 longe

392 2308 444 2347 ab
482 2307 587 2347 urbe
626 2306 829 2360 praedicta
869 2305 1064 2355 distabat,
1098 2320 1347 2359 expugnans
1382 2308 1611 2348 contendit.
1674 2308 1783 2349 Illuc

395 2375 538 2415 Graeci
560 2374 865 2423 confluxerant,
886 2380 936 2414 ut
955 2373 1053 2413 inde
1084 2373 1118 2413 si
1149 2388 1253 2427 quas
1282 2381 1454 2427 possent
1480 2374 1644 2415 Latinis
1663 2376 1785 2416 moli—

394 2448 540 2481 rentur
560 2440 745 2490 insidias,
775 2440 857 2481 loci
891 2441 1126 2481 munitione
1158 2441 1316 2490 confisi,
1348 2441 1421 2481 sed
1451 2442 1642 2493 confusi3
1689 2458 1785 2483 nam

396 2508 522 2547 celeri
541 2508 715 2548 victoria
740 2508 903 2557 domiti,
923 2509 1038 2558 victi,
1059 2508 1191 2548 vincti
1212 2516 1256 2549 et
1285 2509 1397 2563 capti
1429 2516 1641 2550 tenentur.
1703 2510 1785 2550 His

397 2573 565 2622 auditis,
598 2574 799 2627 Byzantii
826 2575 1022 2628 princeps
1045 2575 1183 2614 animo
1213 2576 1358 2629 pejora
1378 2583 1560 2625 veretur,
1583 2583 1626 2616 et
1656 2577 1788 2617 totius

397 2639 565 2693 imperii
586 2640 738 2680 timens
762 2641 990 2689 excidium,
1012 2640 1187 2680 festinos
1210 2641 1262 2680 ad
1284 2642 1586 2695 Imperatorem
1616 2644 1788 2684 nuntios

447 2765 456 2784 ¹
484 2765 567 2816 This
596 2765 743 2809 chapter,
759 2764 868 2798 which
898 2765 926 2797 is
955 2765 1055 2797 taken
1123 2772 1194 2810 part
1207 2767 1245 2799 of
1257 2767 1313 2800 the
1334 2770 1409 2801 2lst
1422 2769 1486 2801 and
1500 2768 1564 2801 22d
1580 2769 1733 2813 chapters
1751 2770 1789 2802 of

400 2811 559 2844 verbatim
579 2811 661 2843 from
690 2810 742 2843 De
760 2810 936 2853 Vinesauf,
954 2811 1056 2844 forms
1125 2812 1180 2845 the
1199 2813 1347 2845 author’s
1363 2813 1587 2847 Itinerarium.
1640 2815 1653 2832 ²
1678 2815 1785 2848 Isaac.
