1908 3135
518 207 582 238 DE
617 205 967 238 INSTRUCTIONE
1002 205 1283 238 PRINCIPUM.
1515 198 1593 236 105

200 314 403 363 tempora,
426 307 507 348 sibi
529 314 850 361 contemperans
872 312 914 346 et
942 321 1106 361 semper
1127 305 1388 346 successibus
1424 305 1596 346 instans,

200 374 426 429 Caesarque
462 374 688 424 secundus,
715 374 776 414 nil
808 374 980 414 credens
1016 380 1158 413 actum
1191 388 1287 413 cum
1318 373 1423 426 quid
1455 388 1600 427 super-

198 448 307 482 esset
341 441 565 496 agendum,
594 442 810 494 rebusque
844 441 889 480 in
919 440 1083 481 bellicis
1113 440 1372 480 furibundus
1398 440 1443 479 in
1473 455 1598 489 arma,

203 508 297 562 [nec
320 509 426 549 ullas
441 508 473 562 ¹]
498 508 580 548 nisi
596 509 798 562 sanguine
821 508 915 548 fuso
928 508 1115 562 gaudens
1133 508 1327 548 incedere
1343 507 1430 547 vias
1448 524 1457 556 3
1480 509 1600 562 cujus

200 591 371 630 quoque
390 591 467 616 nec
479 582 700 630 praerupta
720 576 930 616 montium
943 575 1089 624 latera,
1109 591 1186 616 nec
1204 590 1338 615 aereae
1361 582 1498 615 turres
1512 583 1601 615 arte

203 643 374 697 situque
395 643 599 684 hactenus
620 643 977 697 inexpugnabiles
997 649 1083 683 tam
1105 642 1351 682 artificiosos
1373 657 1499 696 quam
1521 641 1602 682 vir-

204 717 362 761 tuosos,
384 725 498 750 nunc
529 710 681 750 arduos
713 716 756 750 et
786 709 1003 758 sublimes,
1026 724 1138 749 nunc
1161 709 1405 749 subitaneos
1425 707 1602 748 animosi

200 777 593 833 pectoris'pimpetUS,
612 778 843 832 praevalent
856 777 1075 832 impedire.
1120 777 1203 817 Sed
1223 777 1423 831 quoniam
1440 791 1603 829 semper

199 846 310 886 mala
345 852 444 886 sunt
461 844 598 885 vicina
628 845 766 894 bonis,
790 859 929 885 errore
963 845 1042 885 sub
1079 844 1186 898 ipso,
1215 859 1293 898 pro
1322 844 1425 884 vitio
1457 843 1602 892 virtus,

200 913 375 953 crimina
397 928 508 967 saepe
538 912 652 961 tulit,
675 912 790 966 pacis
819 919 861 952 et
886 912 1068 966 justitiae
1092 911 1185 951 zelo
1218 911 1449 960 defervens,
1483 918 1531 951 ut
1561 910 1603 950 in

200 980 348 1034 primis
383 980 523 1033 gentis
560 979 780 1019 indomitae
817 979 1068 1033 reprimeret
1108 978 1340 1028 audaciam,
1382 985 1605 1032 tutamque

202 1047 313 1087 inter
334 1053 533 1087 nocentes
554 1047 750 1086 redderet
771 1046 1072 1095 innocentIam,
1094 1046 1139 1085 in
1169 1047 1277 1086 male
1299 1046 1471 1087 meritos
1497 1046 1607 1100 juris

198 1114 336 1168 rigore
359 1114 617 1162 desaeviens3
640 1114 752 1153 unde
778 1129 865 1153 non
895 1113 1070 1167 indigne
1092 1113 1262 1154 laudem
1296 1129 1319 1154 a
1350 1114 1487 1167 dignis
1508 1128 1606 1167 pro-

196 1181 353 1222 mereri
390 1182 608 1229 debuerat,
631 1181 857 1221 lividorum
889 1181 1113 1221 latratibus
1146 1182 1280 1235 coepit
1311 1181 1355 1221 in
1387 1196 1607 1222 commune

200 1249 450 1289 crudelitate
485 1249 646 1299 notari3
686 1264 812 1302 quam
851 1250 1025 1303 quidem
1056 1257 1098 1290 et
1129 1250 1183 1290 ob
1218 1250 1297 1290 hoc
1325 1256 1489 1290 constat
1519 1250 1606 1289 sine

203 1332 327 1357 causa
346 1323 488 1357 notam
511 1316 750 1365 incurrisse,
775 1317 905 1370 quod,
923 1316 1209 1356 residentibus
1224 1316 1440 1370 paulisper
1457 1316 1608 1365 causis,

202 1384 571 1425 mansuetudinem
621 1383 803 1425 induens
851 1391 894 1424 et
943 1384 1223 1433 clementiam,
1266 1384 1370 1424 citra
1418 1383 1604 1437 rigidum

201 1452 411 1506 longeque
446 1458 560 1492 trans
591 1451 827 1501 remissum,
851 1451 903 1491 ad
938 1466 1112 1492 aureum
1145 1451 1253 1492 illud
1284 1451 1472 1492 medium
1493 1464 1610 1492 acce·

205 1520 320 1568 dens,
340 1519 542 1574 paulatim
564 1518 678 1573 rigor
699 1519 771 1559 ille
792 1519 960 1559 resedit.

262 1587 491 1636 Praeterea,
515 1587 589 1641 qui
611 1587 794 1627 contulit
814 1593 1022 1636 naturam,
1046 1588 1228 1628 contulit
1249 1595 1291 1628 et
1324 1595 1488 1629 naturae
1511 1603 1604 1642 pas-

204 1654 378 1694 sionem.
451 1654 522 1694 Ad
572 1654 862 1708 reprimendos
912 1669 1095 1709 namque
1145 1655 1424 1696 ferocissimos
1474 1656 1601 1695 animi

204 1721 337 1775 ipsius
357 1727 498 1761 motus
518 1721 586 1761 hic
600 1721 667 1761 leo
680 1728 836 1771 noster,
854 1722 1080 1775 plusquam
1100 1722 1181 1771 leo,
1198 1729 1414 1776 quartanae
1431 1723 1601 1762 stimulo

204 1788 373 1828 leonino
408 1803 523 1828 more
558 1795 751 1837 vexatur,
786 1803 870 1842 quo
908 1789 964 1828 sic
997 1789 1197 1829 continue
1231 1790 1319 1830 fere
1350 1790 1495 1830 tremit
1524 1805 1601 1830 nec

205 1855 403 1909 trepidat,
425 1861 475 1895 ut
506 1861 549 1895 et
581 1855 647 1895 sui
682 1862 862 1896 tremore
898 1856 1104 1896 mundum
1144 1856 1384 1897 universum
1423 1864 1601 1897 tremere

206 1922 333 1962 faciat
354 1930 397 1963 et
418 1923 580 1963 timere.

264 1990 382 2030 Inter
402 1989 534 2030 varias
563 1989 695 2043 igitur
726 1991 882 2045 quibus
910 1992 1159 2045 praeeminet
1192 1992 1369 2033 virtutes
1400 1993 1601 2047 peculiari

204 2058 384 2111 quadam
415 2057 709 2111 praerogativa,
742 2058 852 2098 trina
883 2058 995 2098 hunc
1018 2059 1196 2113 insignia
1216 2060 1602 2114 incomparabiliter

205 2125 389 2166 reddunt
410 2125 640 2166 illustrem:
674 2126 899 2167 strenuitas
921 2134 962 2168 et
993 2128 1234 2169 animositas
1266 2129 1436 2178 eximia,
1461 2129 1603 2183 [largi-

206 2192 304 2246 tas2]
344 2200 387 2233 et
415 2193 630 2247 dapsilitas
651 2193 868 2244 immensa,
890 2197 1082 2249 semper-‘³
1102 2195 1325 2236 laudabilis
1346 2197 1390 2236 in
1411 2197 1602 2251 principe

205 2267 449 2313 ceterasque
472 2261 677 2300 adornans
698 2260 890 2310 virtutes,
914 2268 1000 2301 tam
1025 2262 1152 2301 animi
1177 2277 1303 2315 quam
1335 2263 1451 2302 verbi
1482 2263 1602 2302 firma

207 2327 455 2368 constantia.
497 2327 557 2366 Et
570 2333 621 2366 ut
640 2327 757 2367 brevi
779 2327 949 2381 eloquio
970 2328 1106 2368 laudis
1122 2329 1173 2368 ad
1191 2330 1407 2369 cumulum
1430 2329 1599 2382 [multa]

206 2394 466 2443 concludam,
493 2393 662 2447 egregio
701 2393 821 2434 fratri
857 2394 944 2434 sola
979 2401 1041 2435 est
1083 2403 1207 2436 aetate
1244 2403 1286 2436 et
1324 2411 1408 2436 non
1444 2397 1600 2436 virtute

207 2462 429 2502 secundus.

264 2529 453 2569 Diversis
491 2529 624 2582 igitur
664 2535 750 2568 tam
790 2530 977 2570 moribus
1019 2545 1144 2584 quam
1185 2531 1336 2571 studiis
1368 2532 1602 2585 codemque

206 2597 344 2637 radice
383 2597 466 2636 duo
498 2611 592 2636 cum
621 2596 793 2645 fuerint,
826 2605 1044 2651 perpetuae
1077 2606 1214 2639 tamen
1247 2599 1382 2640 laudis
1411 2599 1601 2653 gloriam,

254 2722 264 2742 ¹
291 2722 369 2757 Om.
388 2722 462 2756 MS.
701 2727 713 2744 ²
738 2723 815 2757 Om.
836 2723 911 2758 MS.
1147 2725 1159 2743 ³
1185 2725 1298 2770 Super,
1314 2726 1389 2759 MS.
1408 2732 1439 2758 ct
1459 2725 1512 2758 cd.
