1908 3135
563 227 747 258 TERTIAE
784 227 1146 259 DISTINCTIGNIS.
1501 219 1554 258 83

204 336 330 364 XXIV.
364 323 574 373 Qualiter,
613 324 900 365 Cenomannia
935 325 1167 374 combusta,
1205 324 1305 364 Rex
1341 324 1554 365 Henricus

420 391 519 431 inde
532 391 705 445 fugatus
722 392 819 441 fuit,
834 400 877 432 et
896 391 984 446 [de]
1004 393 1132 432 verbo
1149 392 1381 446 apostatico
1400 392 1553 432 iterum

419 459 471 498 ab
493 458 585 512 ipso
606 459 784 513 prolato.

216 538 324 566 XXV.
356 525 424 565 De
455 527 562 566 urbe
585 526 824 567 Turonensi
855 541 878 566 a
907 527 1078 568 Francis
1109 534 1325 580 occupata,
1358 534 1401 567 et
1434 527 1554 581 Rege

415 592 606 633 Henrico
639 593 684 633 in
719 593 924 648 oppidulo
959 594 1011 633 de
1044 594 1130 633 Azi
1163 594 1372 643 concluso,
1399 601 1443 634 et
1480 610 1555 649 per

416 659 624 699 ultionem
664 667 707 700 et
747 660 868 713 quasi
913 659 1120 700 fallaciam
1166 660 1370 700 divinitus
1415 661 1554 701 datam

417 734 620 781 tanquam
641 727 695 767 ad
714 726 972 767 deditionem
993 726 1223 781 compulso.

196 806 322 834 XXVI.
354 793 423 834 De
457 794 582 848 pictis
613 802 657 835 et
687 794 809 843 fietis,
838 802 881 834 et
911 794 1080 834 demum
1112 794 1390 848 ignominiosa
1421 796 1555 850 Regis

418 861 598 902 Henrici
617 868 753 902 morte
775 869 930 902 secuta.

181 941 326 970 XXVII.
359 929 426 969 De
463 929 626 983 origine
661 936 747 969 tam
787 928 921 982 Regis
954 928 1131 969 Henrici
1173 944 1300 982 quam
1337 929 1555 970 Alienorae

422 996 619 1049 Reginae,
639 1002 683 1035 et
697 995 835 1036 radice
849 995 1035 1035 filiorum
1052 996 1165 1036 omni
1187 1011 1240 1036 ex
1257 1004 1378 1051 parte
1393 997 1556 1037 vitiosa.

170 1076 332 1103 XXVIII.
364 1063 432 1103 De
465 1062 726 1103 notabilibus
753 1063 1005 1116 quibusdam
1041 1063 1262 1103 eventibus
1298 1065 1405 1104 tanti
1445 1065 1559 1119 prin-

421 1130 526 1183 cipis
546 1137 725 1170 mortem
746 1130 1119 1183 praecurrentibus·

204 1211 334 1239 XXIX.
366 1198 434 1238 De
454 1197 686 1237 visionibus
706 1197 830 1237 variis
850 1212 993 1237 casum
1014 1198 1203 1252 ejusdem
1231 1199 1560 1253 praenuncianti-

421 1265 515 1305 bus.

222 1346 332 1373 XXX.
364 1331 432 1372 De
452 1331 609 1372 visione
630 1331 855 1372 Williehni
876 1331 1008 1385 Regis
1029 1332 1164 1381 Ruffi,
1188 1347 1315 1386 quam
1336 1333 1424 1387 ipse
1441 1333 1560 1383 vidit,

423 1406 467 1440 et
486 1399 567 1439 alia
587 1399 639 1439 de
660 1399 751 1453 ipso
772 1399 859 1440 visa
878 1417 887 1450 3
921 1399 1133 1454 similique
1163 1401 1291 1440 morti
1319 1415 1407 1440 suae
1430 1400 1561 1454 Regis

421 1474 569 1521 postea
590 1465 766 1507 Ricardi
785 1474 920 1507 morte
942 1474 1099 1507 secuta.

200 1548 328 1577 XXXI.
361 1534 428 1575 De
448 1534 644 1574 finalibus
664 1534 919 1588 quibusdam
948 1535 1001 1575 ad
1032 1535 1182 1588 prioris
1204 1535 1457 1575 evidentiam
1489 1535 1560 1575 ad-

411 1601 684 1655 jectionibus.

1355 2789 1422 2819 02
