1908 3135
493 222 555 253 DE
589 221 940 254 INSTRUCTIONE
975 223 1254 256 PRINCIPUM.
1517 216 1562 255 9]

172 321 337 376 gravior
391 329 480 362 erat
534 329 577 362 et
627 322 827 375 asperior,
879 322 1052 376 penitus
1106 323 1248 362 oblata
1304 329 1571 375 respuerunt.

176 389 325 430 Quum
352 388 483 442 igitur
515 388 730 428 exercitus
752 388 995 442 Anglorum
1028 389 1159 442 Regis
1189 388 1303 442 apud
1325 388 1574 428 Castellum-

175 456 364 506 Radulfi,
388 456 646 496 Francorum
666 470 764 496 vero
795 456 909 510 apud
938 455 1176 505 Issondum,
1201 456 1316 510 quod
1347 470 1574 509 occupave-

176 530 284 573 rant,
312 524 400 578 jam
434 523 681 573 existerent,
715 522 814 563 Rex
852 522 1066 564 Henricus
1098 523 1151 563 ad
1186 523 1330 563 solitas
1361 522 1575 576 decipulas

177 605 220 630 se
243 597 503 639 convertens,
525 589 678 630 litteris
702 596 744 629 et
763 590 930 630 nunciis
948 590 1079 630 suasit
1099 605 1145 630 ac
1165 590 1345 639 monuit,
1366 597 1576 644 quatenus

176 671 264 710 pax
292 657 404 696 inter
422 657 535 711 ipsos
562 657 640 696 sub
662 657 740 697 hoc
762 663 907 697 tenore
928 657 1191 708 firmaretur;
1210 659 1223 680 1
1255 657 1370 710 quod
1393 671 1576 697 sororem

177 724 310 779 Regis
331 725 535 775 Franciae,
560 741 658 780 quae
691 741 821 780 penes
842 725 1082 780 Anglorum
1113 726 1277 780 Regem
1306 727 1467 766 dudum
1500 741 1577 766 ex-

174 791 333 841 titerat,
355 792 444 833 filio
475 808 550 833 suo
573 793 749 847 juniori,
771 793 798 832 J
800 792 956 833 ohanni
982 793 1154 842 scilicet,
1178 808 1272 833 cum
1304 793 1575 833 comitatibus

178 859 379 899 Pictaviae
421 866 463 899 et
495 859 757 913 Andegaviae
794 859 951 914 nuptui
987 860 1149 909 darent,
1181 874 1346 900 necnon
1381 867 1425 900 et
1455 860 1576 900 terris

175 926 387 975 omnibus,
422 941 526 979 quas
563 927 613 966 de
647 927 905 967 Francorum
943 941 1072 980 regno
1108 927 1378 981 possidebat3
1420 934 1577 981 praeter

177 993 482 1032 Normanniam
514 992 657 1042 solam,
682 1008 780 1046 quae
812 1007 941 1046 penes
971 993 1172 1033 heredem
1194 1008 1278 1033 una
1298 1009 1393 1034 eum
1414 993 1577 1047 Anglo-

176 1074 271 1099 rum
305 1074 437 1113 regno
471 1066 720 1100 remaneret.
803 1059 912 1100 Haec
950 1060 1062 1099 enim
1098 1068 1188 1101 erat
1226 1060 1410 1100 hominis
1449 1060 1578 1115 hujus

120 1131 125 1134 '
177 1134 342 1175 natura,
381 1127 496 1179 quod
533 1141 698 1180 semper
734 1126 950 1167 invidebat
983 1127 1224 1168 successori.
1286 1127 1396 1168 Haec
1436 1135 1578 1167 autem

179 1193 373 1247 Philippi
408 1193 543 1245 Regis
583 1207 712 1241 soror,
749 1200 792 1233 et
826 1192 1030 1234 Lodovici
1070 1194 1170 1243 filia,
1204 1195 1409 1235 custodiae
1446 1194 1579 1247 Regis

178 1259 432 1313 Anglorum,
470 1258 656 1299 Ricardo
695 1258 784 1299 filio
824 1259 957 1313 ipsius
994 1260 1150 1301 Comiti
1192 1261 1395 1301 Pictaviae
1435 1261 1580 1301 matri-

176 1327 319 1367 monio
359 1326 609 1380 copulanda,
651 1340 675 1365 a
721 1333 840 1380 patre
880 1326 1050 1380 piisimo
1090 1327 1201 1367 bona
1238 1327 1322 1367 fide
1363 1326 1581 1367 commissa

177 1394 328 1434 fuerat.
405 1393 548 1436 Quam
597 1400 739 1433 tamen
789 1408 940 1443 comes,
981 1401 1156 1448 propter
1205 1394 1424 1435 infamiam
1465 1401 1582 1448 post-

174 1461 348 1501 modum
377 1467 583 1510 exortam,
608 1467 650 1500 et
677 1461 731 1500 ob
762 1461 938 1501 nimiam
972 1460 1302 1502 familiaritatem
1330 1477 1426 1502 cum
1460 1468 1579 1516 patre

177 1543 254 1568 suo
285 1534 556 1576 contractam,
590 1527 671 1567 sibi
706 1528 904 1582 copulare
937 1529 1072 1569 modis
1110 1529 1307 1570 omnibus
1341 1529 1583 1569 1·ecusavit.2

178 1595 414 1636 Dicebatur
455 1595 626 1643 etenim,
660 1601 703 1635 et
748 1610 940 1635 murmur
986 1596 1137 1650 populi
1175 1596 1329 1645 fuerat,
1371 1597 1491 1650 (quia
1531 1596 1581 1636 de

177 1663 356 1703 veritate
392 1677 478 1702 non
515 1662 781 1702 alleviabitur
815 1662 883 1702 hic
915 1663 1167 1717 quippiam,)
1195 1664 1310 1717 quod
1341 1670 1438 1718 post
1471 1677 1583 1702 mor-

179 1737 265 1771 tem
281 1729 598 1770 Rosomaundae
628 1729 801 1783 puellae,
825 1744 951 1783 quam
973 1730 1074 1770 Rex
1099 1731 1347 1771 adulterinis
1378 1729 1583 1784 amplexi-

178 1797 258 1837 bus
279 1796 404 1836 nimis
425 1796 702 1845 adamaverat,
724 1796 929 1849 virginem
950 1796 1087 1846 istam,
1107 1797 1266 1836 domini
1286 1797 1352 1836 sui
1372 1797 1515 1846 filiam,
1539 1803 1582 1836 et

178 1863 278 1903 fidei
328 1878 415 1903 suae
456 1863 509 1902 ab
550 1863 698 1902 eodem
738 1862 993 1903 fiducialiter
1033 1863 1306 1912 commissam,
1347 1864 1473 1904 nimis
1504 1864 1582 1903 im-

178 1929 332 1984 pudice
381 1929 594 1982 nimisque
643 1929 873 1969 infideliter
918 1930 1271 1971 dehonestaverit.
1352 1930 1582 1985 Proposuit

180 1998 307 2046 enim,
336 2003 385 2037 ut
415 1997 565 2046 fertur,
593 2003 691 2050 post
720 2011 922 2050 magnum
953 1996 1062 2036 illud
1093 2004 1136 2037 et
1164 1997 1401 2037 execrabile
1419 1998 1434 2020 3
1469 1997 1582 2037 inter

177 2064 318 2118 ipsum
351 2070 394 2103 et
423 2063 546 2112 filios,
572 2070 836 2117 matremque
869 2064 1058 2117 ipsorum
1084 2063 1310 2117 Reginam,
1333 2064 1477 2104 odium
1507 2078 1582 2103 ex-

179 2138 333 2180 ortum,
358 2130 457 2184 quia
487 2145 652 2183 semper
681 2130 734 2169 ad
764 2130 933 2170 illicitas
966 2130 1208 2170 enitebatur
1236 2131 1581 2180 machinationes,

178 2198 230 2237 ab
253 2197 458 2237 Alienora
478 2197 648 2250 Regina
669 2197 860 2251 (propter
889 2198 1005 2250 quod
1035 2205 1078 2237 et
1100 2197 1405 2251 Hugueionem
1437 2197 1584 2237 Cardi-

179 2264 318 2304 nalem
350 2263 537 2317 legatum
572 2263 616 2302 in
650 2263 847 2316 Angliam
889 2264 940 2303 de
971 2263 1087 2303 curia
1127 2263 1322 2304 Romana
1354 2264 1583 2304 transmitti

179 2330 457 2386 procuravit,)
484 2330 663 2370 divortio
685 2330 881 2383 separari,
901 2337 943 2370 et
962 2330 1061 2369 huic
1082 2331 1349 2371 matrimonio
1368 2331 1580 2385 copulari3

182 2414 231 2438 eo
254 2398 427 2451 quidem
455 2397 594 2436 animo
618 2404 667 2436 ut
696 2411 772 2450 per
802 2396 976 2436 heredes
1000 2411 1055 2436 ex
1085 2397 1175 2450 ipsa
1205 2404 1435 2451 susceptos,
1458 2398 1584 2438 utris-

182 2480 266 2520 que
302 2472 387 2506 tam
424 2464 509 2504 suis
545 2478 673 2517 quam
705 2463 965 2504 Francorum
991 2464 1164 2513 viribus,
1194 2463 1354 2518 priores
1387 2479 1443 2504 ex
1463 2464 1584 2504 Alie-

230 2607 242 2627 1
269 2606 352 2639 This
376 2606 404 2638 is
429 2605 499 2638 also
517 2604 667 2637 asserted
692 2604 737 2649 by
756 2605 851 2649 Hyg—
965 2606 978 2624 ²
1004 2605 1087 2638 This
1116 2606 1144 2639 is
1174 2605 1323 2639 likewise
1352 2607 1500 2640 asserted
1540 2606 1582 2650 by

183 2653 257 2694 den,
289 2651 450 2696 probably
480 2662 567 2695 upon
600 2662 659 2683 our
701 2651 851 2684 author’s
920 2651 1067 2684 Rielxard
1086 2652 1123 2683 of
1138 2652 1289 2694 Demos,
1310 2664 1340 2697 p.
1361 2654 1415 2685 26.

182 2698 366 2742 authority.
426 2696 561 2740 Twysd.
594 2696 637 2729 X.
666 2696 785 2740 Script.
818 2709 848 2741 p.
964 2698 977 2716 ³
1003 2697 1190 2738 Erorabile,
1211 2697 1288 2733 MS.

184 2744 284 2777 2397.
