1908 3135
473 229 535 259 DE
571 226 920 258 INSTRUCTIONE
956 225 1237 256 PRINCIPUM.
1472 213 1546 251 14]

159 334 315 368 serunt„
397 327 496 369 Quo
546 327 672 375 facto,
715 325 951 379 Anglorum
1003 324 1124 377 Rege
1174 328 1440 376 procurante,
1483 320 1557 373 qui

160 394 274 448 pacis
314 394 450 434 adhuc
482 394 592 433 bona
614 399 778 432 tentare
810 392 992 440 volebat,
1031 397 1231 443 cognatos
1263 402 1374 436 suos,
1408 386 1559 426 Archi-

162 461 406 515 episcopum
443 461 698 501 Remensem
736 459 1033 507 Willielmum,
1078 464 1121 496 et
1173 455 1359 496 Comites
1397 453 1560 507 Philip-

162 544 263 583 pum
298 528 597 569 Flandrensem
640 534 683 567 et
716 525 1010 566 Theobaldum
1050 523 1307 570 Blesensem,
1340 536 1436 561 cum
1467 520 1560 560 aliis

163 595 429 649 quibusdam,
453 595 505 634 ad
540 595 680 648 ipsum
720 593 830 632 intra
862 598 1046 631 castrum
1086 589 1315 630 accersivit.
1396 587 1559 628 Videns

162 669 305 702 autem
327 662 582 701 Francorum
602 661 716 709 Rex,
741 658 940 712 quoniam
954 658 1119 697 hostem
1140 671 1261 696 suum
1280 657 1369 710 jam
1391 656 1427 695 ei
1444 655 1561 694 Deus

164 736 207 769 et
255 728 427 768 fortuna
467 728 650 768 secunda
700 727 744 766 in
793 741 942 765 manus
998 725 1184 773 dederat,
1226 724 1391 764 nullum
1446 722 1561 776 pacis

165 797 339 837 verbum
361 796 611 850 priusquam
636 795 736 834 Rex
758 793 998 847 Anglorum
1019 807 1063 832 se
1083 791 1382 831 misericordiae
1404 805 1493 830 suae
1518 789 1560 829 in

165 864 361 904 omnibus
396 863 567 903 omnino
600 867 872 916 supponeret,
905 860 1050 900 audire
1082 859 1293 908 volebat3¹
1332 858 1421 912 ipse
1449 872 1562 906 vero,

166 931 279 971 salvo
309 931 468 970 honore
500 945 577 969 suo
598 929 805 983 regnique
838 942 991 968 corona
1021 933 1065 967 et
1097 925 1317 979 dignitate,
1341 940 1383 964 se
1415 925 1459 964 id
1480 923 1564 963 fac-

166 1006 310 1039 turum
326 997 533 1052 promisit.
566 997 668 1037 Rex
686 1003 828 1036 autem
842 994 1032 1035 Franciae
1047 992 1296 1047 simpliciter
1312 992 1419 1032 illud
1432 999 1475 1031 et
1490 991 1563 1030 ab-

166 1066 304 1105 solute
339 1065 552 1105 facturum
585 1063 830 1118 respondit3
864 1076 940 1101 nec
979 1061 1208 1114 quicquam
1245 1059 1282 1099 ei
1317 1058 1561 1098 salvandum

117 1139 121 1142 ’
166 1132 272 1181 fore,
294 1132 374 1171 nisi
411 1132 527 1185 quod
558 1131 696 1171 eidem
716 1131 806 1184 ipse
837 1127 1168 1169 misericorditer
1201 1126 1347 1166 salvari
1368 1125 1564 1166 voluerit.

169 1199 299 1241 Quod
335 1205 379 1239 et
414 1199 584 1239 demum
622 1204 720 1252 post
758 1197 912 1237 multas
949 1194 1241 1236 altercationes
1273 1200 1316 1233 et
1345 1194 1567 1233 internun-

168 1266 325 1306 tiorum
363 1264 703 1313 commeationes,
742 1263 844 1316 quia
880 1262 1106 1302 necessitas
1136 1261 1271 1314 legem
1306 1275 1392 1300 non
1423 1260 1566 1308 habet,

168 1347 253 1372 non
270 1333 429 1386 absque
450 1331 612 1385 gemitu
635 1331 835 1370 interiore
856 1329 1045 1369 maximo
1076 1335 1119 1368 et
1146 1327 1436 1382 indignatione
1458 1340 1568 1366 mor-

168 1402 271 1441 bum
293 1407 558 1454 aggravante,
580 1398 638 1438 sic
659 1398 820 1438 factum
843 1404 918 1437 est.

228 1468 339 1508 Ecce
381 1481 507 1520 quam
543 1465 811 1519 longanimus
845 1471 1115 1518 exspectator
1148 1471 1211 1503 est
1234 1463 1460 1511 Dominus,
1495 1461 1567 1501 sed

171 1536 284 1576 ultor
318 1542 410 1575 tum
441 1534 611 1573 demum
638 1532 933 1586 gravissimus!
996 1531 1216 1571 Exulante
1248 1530 1446 1570 nimirum
1470 1529 1569 1568 olim

171 1603 341 1657 egregio
387 1600 716 1641 Cantuariorum
754 1599 945 1639 antistite
980 1598 1159 1647 Thoma,
1201 1598 1243 1638 in
1285 1597 1447 1637 cunctis
1482 1596 1570 1636 fere

172 1686 271 1724 quae
312 1684 439 1723 super
470 1667 693 1709 concordia
723 1667 835 1706 inter
872 1666 1014 1720 ipsum
1055 1672 1098 1706 et
1131 1665 1370 1719 Anglorum
1405 1664 1568 1718 Regem

172 1737 392 1778 formanda
447 1735 684 1788 colloquiis,
745 1733 1104 1774 Christianissimo
1155 1733 1414 1773 Francorum
1470 1739 1570 1771 tunc

175 1805 295 1858 Rege
317 1803 530 1844 Lodovico
552 1802 707 1842 totiens
739 1801 791 1840 ad
820 1801 863 1840 id
898 1814 1069 1854 operam
1100 1800 1240 1848 dante,
1263 1814 1428 1853 semper
1458 1799 1572 1853 pacis

174 1871 392 1912 commoda
412 1870 608 1910 similiter
634 1868 844 1909 contentis
874 1867 1180 1921 praepediebat.
1243 1866 1429 1907 Volebat
1460 1865 1573 1906 enim

175 1940 416 1993 Anglorum
456 1937 557 1978 Rex
595 1936 811 1977 Heni-icus
848 1935 963 1989 quod
1002 1934 1047 1974 in
1083 1934 1243 1988 primiS,
1267 1941 1364 1974 ante
1396 1934 1572 1974 verbum

174 2007 289 2062 pacis
311 2021 447 2054 omne,
471 2019 513 2044 se
544 2002 927 2057 Archiepiscopum
960 2017 1014 2042 ex
1045 2008 1135 2041 toto
1164 2001 1463 2041 misericordiae
1485 2015 1573 2040 suae

176 2074 416 2129 subjiceret.
480 2072 576 2125 Ipse
594 2085 692 2111 vero
714 2069 810 2110 Deo
830 2069 985 2124 plenus
1007 2076 1050 2109 et
1070 2069 1204 2122 gratia
1224 2068 1437 2121 perfusus,
1460 2068 1572 2108 salvo

175 2143 335 2182 honore
357 2140 441 2181 Dei
474 2146 518 2179 et
550 2138 706 2178 ordinis
741 2137 806 2176 sui
829 2137 1052 2190 dignitate,
1077 2151 1152 2175 nec
1192 2151 1275 2175 non
1310 2142 1352 2175 et
1383 2135 1572 2176 ecclesiae

176 2210 372 2249 libertate
394 2207 463 2246 cui
478 2211 674 2260 praeerat,
693 2220 735 2244 se
748 2204 791 2243 id
808 2204 1034 2251 facturum,
1053 2217 1130 2242 nec
1147 2203 1283 2251 aliter,
1302 2202 1574 2241 concedebat.

178 2276 279 2316 Rex
301 2282 443 2315 autem
464 2272 636 2312 omnino
658 2271 1053 2310 determinationem
1086 2269 1296 2309 obstinata
1320 2269 1479 2308 malitia
1515 2283 1577 2308 rc—

178 2343 372 2396 spuebat,
409 2339 579 2394 publice
624 2344 863 2391 protestans
898 2352 939 2376 se
974 2336 1141 2376 nullum
1173 2336 1214 2375 in
1255 2335 1573 2388 Archiepiscopi

178 2424 368 2450 sermone
389 2406 667 2462 sophisticum
682 2405 858 2445 verbum
874 2404 1087 2444 ullatenus
1109 2403 1402 2443 admissurum.

237 2476 448 2517 Attendat
476 2474 621 2526 itaque
655 2472 786 2511 lector
823 2471 1000 2523 diligens
1033 2469 1216 2523 qualiter
1247 2469 1386 2509 divina
1408 2470 1577 2523 justitia

179 2545 353 2592 homini,
376 2543 450 2597 qui
480 2542 681 2581 honorem
704 2539 787 2579 Dei
818 2545 860 2578 et
887 2538 1076 2578 ecclesiae
1112 2545 1267 2577 sanctae
1291 2537 1451 2578 salvum
1484 2538 1572 2578 fore

178 2612 376 2665 negabat,
400 2617 442 2649 et
463 2623 586 2649 suum
609 2606 744 2646 eidem
775 2605 889 2645 haud
910 2604 1170 2644 dissimiliter
1190 2604 1392 2644 honorem
1425 2605 1574 2657 regiae-

182 2693 264 2732 que
279 2692 444 2717 coronae
460 2675 614 2722 suae‚in
628 2673 888 2713 necessitatis
902 2671 1093 2719 articulo,
1110 2679 1308 2724 tanquam
1324 2679 1574 2724 argumento

707 2768 714 2786 ¹
745 2766 918 2808 Hovedcn,
932 2778 963 2810 p.
984 2769 1060 2799 654.
