1908 3135
365 285 420 325 34
779 293 1019 325 GIRALDUS
1054 293 1352 327 CAMBRENSIs

364 394 410 434 in
430 400 549 434 tanta
564 393 654 447 jam
674 399 898 446 potestate,
921 399 1124 447 tantaque
1147 393 1280 447 Regis
1301 393 1587 434 familiaritate
1610 394 1763 433 consti-

365 467 486 501 tutus
518 459 684 508 fuisset,
707 459 810 499 adeo
832 460 1092 500 Francorum
1112 461 1277 514 Regem
1300 468 1518 514 totamque
1540 460 1762 501 Franciam

366 526 646 568 communiter
667 526 711 565 in
732 532 894 579 patrem
916 541 1040 566 suum
1061 532 1104 566 et
1121 526 1295 567 fratrem
1315 527 1453 567 verbis
1473 527 1761 581 persuasoriis,

366 601 416 634 ut
437 600 527 633 erat
558 592 930 646 eloquentissimus
959 593 1118 647 pariter
1150 600 1193 633 et
1213 594 1535 643 amantissimus,
1568 595 1657 649 jam
1690 609 1764 634 ex-

367 660 581 709 citaverat,
615 666 665 699 ut
698 659 1043 713 inquietudinem
1068 666 1241 710 tantam,
1266 667 1482 714 quantam,
1515 661 1597 700 nisi
1630 668 1765 700 morte

366 733 595 780 preventus
634 726 798 775 fuisset,
840 733 964 767 antea
994 742 1079 768 non
1115 728 1320 776 viderant,
1356 728 1414 767 eis
1453 728 1601 782 procul
1633 728 1764 768 dubio

367 799 659 847 comparasset.
723 792 833 833 Cum
863 793 1021 833 etenim
1051 795 1140 848 jam
1172 794 1217 834 in
1249 794 1374 834 armis
1404 794 1555 848 posita,
1586 794 1765 835 fundata

367 861 539 915 quidem
559 859 737 900 firmiter
758 860 832 899 sed
853 866 897 899 et
919 860 1116 901 inchoata
1146 860 1237 901 fere
1257 860 1443 901 turbatio
1464 867 1582 901 tanta
1600 861 1764 909 fuisset,

367 927 519 967 Comes
541 926 786 967 Gaufredus
816 926 964 966 eodem
992 941 1077 980 quo
1106 933 1149 967 et
1177 927 1309 968 frater
1339 933 1462 967 antea
1491 928 1637 968 morbo
1668 943 1765 968 acu-

365 994 540 1042 tissimo,
563 1007 618 1033 sc.
656 992 798 1032 febrili
830 993 981 1043 calore,
1016 993 1231 1034 lethaliter
1265 1001 1496 1048 correptus,
1517 994 1628 1034 infra
1660 1009 1764 1048 pau-

366 1060 550 1101 cissimos
567 1059 670 1108 dies,
686 1073 783 1099 cum
803 1058 994 1100 Franciae
1010 1060 1140 1100 totius
1154 1060 1373 1114 Regisque
1390 1061 1605 1115 praecipue
1623 1061 1765 1101 dolore

364 1125 644 1181 permaximo,
668 1125 855 1166 Parisius
877 1126 984 1167 circa
1004 1126 1203 1167 kalendas
1220 1127 1409 1181 Augusti
1429 1128 1555 1168 rebus
1566 1128 1763 1168 humanis

366 1200 593 1247 exemptus
633 1194 728 1233 est.¹
790 1193 892 1233 Rex
931 1194 1089 1234 etenim
1131 1194 1356 1249 Philippus
1387 1201 1506 1235 tanto
1541 1195 1681 1236 fuerat
1719 1195 1764 1235 in

365 1266 500 1300 morte
530 1259 664 1313 ipsius
699 1265 742 1299 et
775 1265 860 1299 tam
892 1259 1144 1314 desperabili
1169 1275 1350 1301 moerore
1383 1261 1613 1311 confectus,
1635 1268 1685 1302 ut
1718 1262 1763 1302 in

365 1327 539 1368 ecclesia
590 1326 815 1366 Parisiensi
860 1327 1103 1377 cathedrali,
1154 1328 1235 1368 viz.
1279 1327 1424 1368 Beatae
1468 1328 1672 1383 Virginis,
1721 1337 1764 1370 et

365 1393 588 1448 principali
621 1408 793 1447 quoque
815 1408 954 1434 coram
974 1394 1109 1444 altari,
1141 1394 1192 1435 ab
1214 1394 1306 1448 ipso
1339 1395 1385 1435 in
1414 1395 1584 1435 honoris
1605 1397 1763 1450 pariter

367 1467 410 1500 et
448 1459 600 1499 amoris
641 1460 807 1513 signum
849 1460 998 1501 Comes
1033 1462 1177 1515 jussus
1222 1462 1401 1511 humari,
1443 1463 1638 1516 exequiis
1671 1464 1761 1518 jam

366 1526 632 1567 solemnitate
667 1527 841 1576 exactis,
865 1542 961 1567 cum
994 1528 1040 1568 in
1060 1528 1285 1568 funebrem
1319 1529 1473 1569 fossam
1504 1535 1616 1570 terra
1650 1530 1763 1570 clau-

367 1595 528 1635 dendus
560 1602 750 1635 extrema
786 1594 1097 1644 demitteretur,
1121 1611 1163 1636 se
1200 1597 1253 1636 ob
1275 1596 1583 1637 vehementiam
1609 1597 1762 1638 doloris

364 1676 449 1702 una
487 1675 583 1702 cum
612 1661 704 1715 ipso
734 1662 777 1701 in
813 1663 1005 1702 tumbam
1033 1662 1221 1703 hiantem
1263 1662 1343 1703 nisi
1378 1663 1584 1704 violenter
1615 1679 1639 1704 a
1678 1664 1764 1705 suis

365 1735 573 1770 retractus
590 1728 754 1778 fuisset,
776 1729 1044 1783 praecipitare
1066 1736 1265 1784 parasset.

423 1796 556 1837 Porro
576 1812 665 1850 prae
688 1797 802 1837 omni
824 1797 967 1837 dolore
987 1797 1119 1851 patris
1141 1797 1259 1837 dolor
1279 1797 1618 1852 incomparabilis
1640 1807 1729 1840 erat
1749 1817 1760 1849 ·‚

362 1879 448 1904 non
469 1863 582 1904 enim
618 1870 708 1904 erat
736 1864 854 1903 dolor
882 1864 992 1904 sicut
1013 1864 1131 1904 dolor
1166 1865 1270 1918 ejus.
1346 1864 1413 1905 De
1444 1865 1575 1919 priori
1610 1881 1761 1920 nempe

363 1928 452 1968 filio
490 1928 677 1967 dolorem
710 1928 916 1968 beneficio
954 1928 1156 1982 temporis
1185 1929 1273 1982 jam
1309 1928 1508 1982 sopitum,
1531 1929 1649 1969 dolor
1682 1931 1760 1971 iste

364 2008 544 2048 sequens
578 1994 864 2043 resuscitavit3
890 1995 1089 2047 quoniam
1111 2001 1154 2034 et
1188 2002 1289 2035 tunc
1326 1996 1568 2036 crudescere
1588 1996 1763 2037 vulnera

365 2066 591 2114 coeperunt
613 2059 768 2112 quibus
789 2060 1026 2100 cicatricem
1055 2060 1309 2101 diuturnitas
1331 2061 1583 2103 obduxerat.
1645 2063 1762 2103 Ictus

369 2126 529 2180 quippe
554 2126 804 2166 novissimus
826 2127 953 2167 etiam
974 2133 1134 2167 veteres
1164 2127 1413 2181 plerumque
1441 2128 1583 2182 plagas
1618 2130 1761 2170 dolore

364 2192 589 2240 rescindit3
633 2190 786 2230 vulnus
823 2191 935 2230 enim
975 2191 1102 2231 animi
1142 2191 1257 2245 quod
1293 2198 1482 2246 tempore
1519 2200 1563 2233 et
1600 2194 1762 2235 ratione

366 2266 561 2300 curatum
596 2264 672 2306 est,
706 2258 1047 2298 commemoratio
1076 2273 1220 2298 rursus
1261 2258 1490 2299 exulcerat.
1553 2259 1678 2301 Unde
1718 2268 1762 2301 et

366 2326 565 2366 effectum
586 2330 649 2364 est
669 2331 720 2364 ut
741 2324 816 2378 qui
835 2325 962 2365 modo
983 2340 1080 2365 cum
1100 2324 1198 2365 filiis
1211 2325 1348 2365 vivere
1369 2340 1453 2365 non
1473 2333 1653 2380 poterat,
1672 2328 1761 2367 sine

366 2392 465 2433 filiis
484 2392 621 2433 vivere
656 2392 745 2445 jam
779 2398 1004 2432 recusaret.
1066 2391 1104 2432 O
1143 2406 1269 2445 quam
1304 2392 1421 2442 dura,
1454 2408 1580 2446 quam
1620 2409 1766 2448 aspera

368 2475 481 2510 sors3
514 2458 617 2514 quia
637 2458 687 2497 de
710 2458 838 2498 tantis
858 2458 970 2512 patri
1001 2458 1250 2513 pignoribus
1270 2457 1378 2498 nihil
1403 2458 1574 2499 omnino
1595 2467 1763 2513 poterat

367 2527 449 2566 nisi
470 2527 536 2567 vel
569 2532 704 2565 morte
735 2541 908 2574 moeror,
932 2526 999 2566 vel
1028 2526 1115 2566 vita
1137 2525 1306 2567 vexatio
1334 2517 1581 2580 provenire!
1644 2527 1762 2569 Num

370 2599 413 2631 et
451 2592 558 2632 illud
599 2591 708 2631 Osee
739 2592 838 2632 huic
879 2592 1068 2646 adaptari
1106 2598 1273 2646 potest:
1321 2593 1371 2634 Sz'
1396 2594 1615 2647 qenueriozt
1629 2595 1763 2647 filios,

369 2658 518 2712 absque
529 2664 653 2711 patre
662 2659 828 2710 faciam
842 2673 918 2699 eos.
980 2659 1040 2700 Et
1058 2659 1169 2699 infra
1187 2675 1195 2700 :
1224 2660 1345 2702 Quod
1362 2663 1398 2701 si
1414 2662 1619 2715 yenuerit,
1637 2662 1765 2701 iuter-

353 2724 502 2775 flciam
523 2725 802 2765 amantissima
822 2727 930 2765 uteri
951 2728 1134 2766 eorum?2

416 2808 424 2827 ¹
451 2809 539 2852 Aug.
561 2810 613 2851 19,
635 2811 735 2842 1186.
1150 2812 1162 2830 ²
1189 2812 1305 2846 Hosea
1322 2814 1369 2847 ix.
1392 2815 1442 2855 12,
1464 2816 1519 2847 16.
