1908 3135
163 1687 304 1713 Richard’s

163 1722 308 1746 character.

387 236 472 275 104
809 246 1051 279 GIRALDUS
1087 246 1388 278 CAMBRENSIS

384 350 427 384 et
457 343 707 397 injuriarum
739 344 944 385 ultionem
975 346 1091 400 juste
1123 347 1368 401 susciperet,
1406 361 1460 386 ex
1490 352 1610 400 parte
1647 344 1779 399 Regis

382 410 641 450 nuntiantes.
721 410 846 451 Missi
883 419 982 452 sunt
1017 413 1145 453 etiam
1183 414 1323 453 nuntii
1369 414 1421 454 ab
1470 413 1615 453 eodem
1649 412 1779 452 Fran-

383 493 527 518 corum
550 477 670 531 Rege
691 478 956 519 seneschallis
972 479 1250 520 Normanniae
1272 486 1315 520 et
1332 480 1607 534 Andegaviae‚
1624 479 1780 533 quibus

382 544 596 585 mandavit
627 545 742 598 quod
762 545 826 585 vel
859 546 1053 587 comitem
1078 547 1329 600 quantocius
1349 553 1605 595 revocarent,
1627 545 1693 586 vel
1729 546 1779 585 de

382 612 542 666 treugis
561 611 672 652 inter
692 612 831 666 ipsum
853 620 896 653 et
917 612 1157 667 Anglorum
1176 614 1341 668 Regem
1371 613 1547 654 firmatis
1570 614 1620 653 de
1640 619 1779 653 cetero

381 695 464 721 non
516 679 805 721 confiderent.¹
869 680 1020 722 Comes
1069 689 1225 731 autem,
1267 682 1481 722 fortunam
1530 688 1581 721 ut
1628 680 1782 720 assolet

381 761 535 800 urgens
557 753 600 787 et
631 747 892 787 successibus
923 748 1095 797 instans,
1118 763 1195 788 nec
1216 749 1269 788 ad
1299 749 1494 789 mandata
1522 748 1779 788 Francorum

382 813 515 867 Regis
549 820 591 854 et
626 814 791 854 crebras
826 815 1182 863 comminationes,
1218 831 1294 856 nec
1328 816 1380 856 ad
1427 814 1779 856 seneschallorum

382 880 724 934 supplicationes,
747 896 824 920 nec
847 881 899 921 ad
918 881 1051 935 patris
1073 882 1200 922 etiam
1222 882 1291 922 cui
1321 883 1409 936 jam
1429 882 1474 921 in
1495 882 1653 936 Anglia
1671 896 1780 921 nun-

383 946 535 986 tiatum
554 946 597 986 id
628 946 767 986 fuerat
788 947 1111 997 admonitiones,
1131 963 1155 987 a
1187 948 1321 988 nobili
1342 949 1487 1002 potuit
1523 963 1628 988 ausu
1664 963 1783 988 revo-

382 1013 476 1053 cari.
528 1013 650 1052 Sicut
670 1012 782 1053 enim
802 1013 1013 1054 animosus
1035 1021 1124 1054 erat
1142 1021 1184 1055 et
1205 1015 1345 1054 audax
1367 1015 1418 1055 ad
1435 1015 1780 1069 aggrediendum,

381 1080 439 1120 sic
478 1080 675 1134 pertinax
718 1095 889 1134 quoque
940 1087 983 1120 et
1031 1096 1300 1135 perseverans
1350 1082 1401 1122 ad
1450 1082 1778 1137 perficiendum:

381 1147 493 1186 unde
537 1154 580 1187 et
626 1146 800 1187 titulum
840 1147 987 1201 ipsiuS,
1027 1163 1154 1201 quem
1205 1148 1440 1189 Hibernica
1483 1148 1779 1204 Topographia

381 1220 522 1254 nostra
541 1214 747 1268 depingit,
770 1220 812 1254 et
832 1213 901 1254 hic
921 1214 1104 1255 inserere
1127 1214 1302 1268 dignum
1325 1215 1445 1256 duxi.

944 1399 1048 1439 CAP.
1081 1400 1214 1441 VIII.

379 1515 447 1555 De
480 1514 614 1555 titulis
664 1514 844 1554 Ricardz·
897 1514 1065 1555 Comitis
1109 1516 1314 1555 Pictaviae
1362 1515 1674 1556 occasionaliter
1712 1515 1778 1556 hic

950 1583 1216 1622 intersermfi

441 1680 650 1724 SEQUENS
665 1695 776 1729 vero,
793 1680 892 1734 quia
907 1680 957 1720 de
975 1681 1177 1735 primaevo
1196 1681 1458 1735 praemissum
1481 1682 1633 1731 fuerat,
1657 1683 1778 1737 cujus

382 1748 509 1803 digna
529 1749 703 1788 laudum
734 1748 931 1802 preconia
951 1764 1035 1788 vox
1067 1749 1259 1802 preconis
1294 1764 1378 1789 non
1410 1749 1565 1798 silebit,
1601 1750 1776 1804 provida

380 1815 511 1870 patris
534 1815 821 1870 dispositione,
844 1822 1032 1869 paternae
1054 1831 1207 1855 nomen
1231 1830 1426 1865 renuens,
1448 1823 1650 1857 maternae
1682 1817 1776 1857 stir—

379 1882 444 1936 pis
464 1883 666 1923 honorem
687 1882 829 1922 statim
849 1883 1042 1936 adeptus,
1066 1889 1218 1923 terram
1239 1883 1442 1923 hactenus
1462 1884 1708 1924 indomitam
1730 1884 1773 1923 in

378 1956 524 1989 tenera
546 1956 672 1989 aetate
696 1956 813 1989 tanta
833 1948 991 1988 virtute
1012 1949 1127 1989 rexit
1148 1957 1191 1990 et
1211 1950 1390 1999 domuit,
1413 1957 1463 1990 ut
1492 1966 1577 1990 non
1608 1957 1773 1990 tantum

378 2016 512 2070 ipsam
551 2031 626 2070 per
660 2030 804 2055 omnes
840 2016 931 2069 ejus
966 2016 1179 2056 anfractus
1215 2017 1340 2070 longe
1375 2017 1544 2070 plenius
1584 2024 1627 2057 et
1662 2024 1775 2057 tran-

380 2083 554 2136 quillius
575 2083 699 2122 solito
729 2082 982 2136 pacificaret,
1005 2098 1149 2122 verum
1167 2083 1289 2123 etiam
1316 2084 1513 2124 mutilata
1534 2085 1695 2124 dudum
1731 2092 1773 2124 et

380 2149 564 2203 dispersa
604 2149 877 2203 reintegrans,
919 2156 1090 2190 strenua
1128 2149 1285 2190 virtute
1320 2150 1520 2203 pristinos
1559 2151 1603 2190 in
1639 2157 1772 2191 status

378 2216 544 2269 singula
562 2223 787 2256 revocaret.

436 2283 489 2322 In
509 2284 686 2323 formam
708 2282 839 2335 igitur
859 2282 1055 2323 informia
1075 2284 1281 2337 redigens,
1303 2284 1346 2324 in
1366 2299 1555 2325 normam
1587 2285 1773 2325 enormia

379 2365 564 2404 quaeque
613 2349 832 2399 reducens,
873 2349 1002 2389 fortia
1051 2350 1327 2400 confundens,
1380 2357 1423 2391 et
1468 2367 1613 2406 aspera
1662 2367 1773 2392 com—

376 2417 564 2471 planans,
605 2417 803 2470 antiquos
842 2416 1122 2471 Aquitanniae
1168 2418 1370 2459 terminos
1410 2426 1454 2459 et
1497 2420 1594 2473 jura
1642 2420 1773 2460 refor-

377 2485 519 2525 mavit.

436 2552 666 2592 Fortunam
689 2552 897 2605 siquidem
918 2567 1073 2606 urgens
1096 2560 1139 2593 et
1160 2568 1202 2593 se
1224 2553 1267 2593 in
1289 2553 1499 2594 anteriora
1516 2554 1772 2608 protendens

426 2677 434 2695 ¹
462 2677 655 2720 According
694 2682 729 2709 to
782 2677 958 2717 Hovcden,
999 2677 1042 2710 he
1111 2679 1189 2718 365,
1222 2677 1255 2711 b.
1305 2677 1367 2711 Sec
1400 2677 1470 2711 also
1496 2678 1618 2711 Diceto
1651 2678 1684 2712 in
1717 2691 1770 2713 an.

376 2723 516 2756 boasted
534 2723 606 2755 that
623 2723 665 2755 he
683 2723 794 2755 would
805 2735 938 2767 possess
955 2723 1042 2756 him-
1114 2726 1213 2757 1188.

377 2769 443 2802 sclf
457 2769 494 2802 of
519 2769 575 2801 the
594 2768 700 2801 whole
727 2769 765 2801 of
786 2769 820 2802 N
826 2769 1000 2814 ormandy,
1019 2769 1042 2802 f.
1158 2770 1170 2788 ³
1195 2769 1249 2802 Ex
1270 2769 1396 2814 Topog.
1417 2770 1499 2803 Hib.
1519 2769 1596 2804 752.
