1908 3135
305 282 324 319 1
333 284 359 319 Ο
752 285 998 317 PRAEFATIO
1036 284 1269 316 SECUNDA.

312 388 471 428 dissent
508 386 785 434 intellectum,
828 390 966 424 totum
1006 381 1179 422 accessit
1218 380 1270 420 ad
1308 378 1539 426 victoriam,
1571 383 1709 417 totum

311 455 363 495 ad
400 454 577 508 gloriam
624 459 666 493 et
706 452 930 492 obstinatae
976 448 1130 490 mentis
1174 445 1468 500 arrogantiam,
1510 450 1710 497 tanquam

310 536 524 562 successus
557 521 600 561 in
639 534 688 560 eo
719 518 971 559 contendere
1002 516 1244 557 viderentur
1279 520 1323 554 et
1354 525 1563 552 excessus.
1625 509 1709 549 Sed

311 588 562 643 longanimis
584 592 831 641 expectator
854 584 1066 626 Dominus
1095 589 1138 623 et
1155 581 1343 636 prudens
1373 593 1419 620 ac
1439 584 1591 633 potens
1614 576 1710 617 uni-

308 670 524 696 versorum
563 654 814 701 moderator,
851 651 985 692 veluti
1024 656 1144 704 pater
1179 648 1303 697 filios,
1339 646 1409 700 pie
1449 643 1626 685 saeviens
1663 643 1708 683 in

307 736 525 777 perversos
554 735 667 761 nunc
697 718 889 773 flagellis¹
913 723 1043 758 terret
1064 722 1107 756 et
1127 714 1328 768 castigat3
1359 726 1471 752 nunc
1490 709 1708 751 benefieiis

308 789 477 842 mitigat
509 794 552 828 et
583 787 807 835 demulcet,
840 793 891 840 nt
921 791 965 824 et
994 784 1046 823 ab
1082 781 1229 823 erratis
1264 779 1446 820 formido
1482 778 1706 827 deterreat,

309 862 352 896 et
387 855 440 895 ad
479 853 800 908 obsequendum
840 851 1095 904 virtutisque
1132 847 1308 903 praemia
1347 845 1610 899 sequendum
1644 843 1706 884 vis

308 921 544 962 dilectionis
569 920 733 960 invitet.
794 917 916 958 Facit
936 931 1035 969 ergo
1066 916 1192 968 longa
1221 912 1463 968 expectatio
1492 912 1704 966 longaque

305 988 504 1029 vindictae
535 987 696 1034 dilatio,
718 992 768 1026 ut
794 984 978 1037 benigna
1010 983 1093 1023 Dei
1128 981 1336 1036 patientia
1365 978 1705 1032 delinquentium

306 1056 438 1110 magis
469 1053 783 1096 conversionem
810 1056 1009 1105 appetere
1045 1063 1171 1102 quam
1201 1047 1459 1088 eversionem
1491 1045 1706 1085 evidenter

305 1128 518 1177 appareat.
580 1120 702 1161 Facit
722 1119 849 1160 etiam
879 1124 929 1158 ut
954 1123 1052 1172 post
1082 1122 1242 1156 tantam
1274 1113 1539 1155 tolerantiam
1566 1111 1612 1152 in
1640 1126 1706 1151 re-

305 1190 460 1245 probos
491 1195 534 1229 et
553 1201 784 1243 perversos,
805 1200 882 1225 nec
912 1183 1124 1232 inmerito,
1154 1181 1298 1222 durior
1323 1180 1417 1221 fieri
1441 1179 1592 1220 debeat
1618 1178 1705 1219 ani-

304 1257 452 1298 versio.

364 1325 415 1365 In
446 1323 522 1363 hac
544 1336 643 1376 ergo
665 1319 848 1361 secunda
869 1318 1005 1372 operis
1035 1317 1163 1371 hujus
1194 1314 1402 1370 particula
1422 1314 1582 1368 ubique
1613 1313 1701 1354 fere

304 1390 554 1446 patientiam
568 1389 677 1443 justi
690 1388 715 1428 J
719 1387 854 1427 udicis
874 1385 1063 1426 invenies
1080 1390 1123 1425 et
1138 1382 1465 1424 misericordiam
1483 1399 1492 1431 ;
1515 1381 1559 1421 in
1577 1381 1702 1422 tertia

305 1473 403 1499 vero
424 1466 468 1498 et
487 1456 638 1497 ultima
658 1455 784 1510 plena
799 1452 962 1509 judicio
980 1459 1109 1506 atque
1127 1450 1296 1505 justitia
1317 1455 1468 1490 cuncta
1483 1448 1683 1503 reperies.

855 1569 865 1589 1
893 1567 1049 1612 magmis
1067 1565 1144 1600 MS.

749 1710 961 1738 EXPLICIT
995 1707 1246 1737 PRAEFATIO.
