1908 3135
472 238 535 269 DE
571 235 924 268 INSTRUCTIONE
959 232 1243 265 PRINCIPUM.
1502 217 1553 262 75

159 344 296 379 ratore
332 337 367 378 F
370 336 557 377 rederico
589 336 640 376 ad
681 334 923 388 Anglorum
960 333 1125 386 Regem
1165 329 1422 371 transmissio
1435 347 1450 377 ,·
1482 328 1557 381 qui

160 407 271 446 inter
297 411 497 460 nepotem
527 402 816 457 Imperatoris,
840 400 1077 441 Hem-icum
1108 398 1281 447 scilicet,
1304 404 1391 438 tam
1424 396 1559 436 Saxo-

160 474 244 513 niae
277 473 444 513 Ducem
489 485 618 525 quam
656 469 861 518 Bavariae,
894 475 937 509 et
974 468 1219 522 primaevam
1262 465 1394 518 Regis
1430 463 1560 503 filiam

162 542 400 591 Matildem,
453 538 713 580 matrimonii
768 536 1043 578 contrahendi
1086 550 1230 576 suasor
1281 534 1433 574 efficax
1477 532 1562 572 fac-

163 616 232 650 tus
282 615 346 650 est
399 614 442 648 et
486 620 722 662 persuasor.
803 603 1050 645 Schismatis
1102 617 1274 657 quoque
1323 615 1409 656 quo
1459 606 1562 639 tunc

164 676 443 717 Alemannica
477 674 802 715 exorbitabatur
841 672 1027 721 ecclesia,
1060 671 1197 711 factus
1234 670 1440 717 incentor,
1477 681 1563 706 non

163 745 375 786 obtentor.
448 741 607 783 Contra
657 741 776 782 Petri
826 746 966 781 tamen
1014 739 1255 780 cathedram
1301 734 1565 777 Cantuariae-

165 826 248 865 que
295 810 522 865 praesulem
570 824 656 850 non
705 809 830 863 longe
880 813 976 862 post
1023 807 1139 860 regio
1192 805 1346 852 edicto,
1395 802 1567 857 publica

164 893 240 933 per
272 892 451 931 regnum
500 877 719 931 pejeratiO.
793 875 886 916 Nec
926 890 1056 924 mora,
1092 873 1236 914 nuncii
1286 871 1434 920 Ducis,
1480 878 1566 911 tam

169 946 320 987 Comes
356 960 411 985 sc.
448 944 729 993 Guncelinus,
764 957 891 996 quam
929 942 1001 982 alii
1036 946 1324 995 praepotentes
1366 937 1566 978 Saxoniae

165 1013 258 1063 viri,
290 1019 464 1067 propter
494 1011 624 1051 filiam
646 1010 778 1065 Regis
800 1010 845 1049 in
877 1009 1076 1062 Angliam
1106 1014 1327 1049 venerunt.
1390 1003 1568 1046 Henrici

170 1080 284 1121 tertii
316 1079 393 1119 filii
434 1077 628 1127 Henrici,
668 1077 713 1116 in
758 1075 1076 1116 Cantuariensis
1126 1074 1314 1115 ecclesiae
1364 1071 1570 1127 praejudi-

113 1146 118 1148 ’
169 1147 296 1196 0111111,
334 1145 544 1186 celebrata
583 1143 817 1183 Londoniis
859 1143 912 1182 ab
953 1141 1214 1182 Eboracensi
1251 1139 1569 1194 Archipraesule

170 1214 342 1268 Rogero
392 1211 620 1252 coronatio.
692 1210 853 1251 Nuneii
903 1210 954 1249 de
1004 1209 1214 1263 Hispania
1261 1208 1393 1248 filiam
1439 1206 1572 1260 Regis

170 1282 360 1330 Alienor,
383 1279 569 1320 Anfulso
592 1277 705 1331 Regi
727 1277 923 1317 Toletani
945 1282 988 1316 et
1011 1275 1206 1316 Castellae
1234 1275 1422 1329 legitime
1444 1289 1574 1328 copu-

169 1349 335 1389 landam
357 1347 514 1388 obnixe
535 1345 799 1400 postulantes
820 1352 863 1386 et
883 1345 1158 1398 impetrantes
1185 1344 1405 1384 advenere.
1466 1342 1576 1382 Der-

170 1415 286 1455 micii
307 1414 508 1468 Lageniae
532 1412 740 1467 Principis
770 1413 814 1453 111
846 1411 1027 1452 exilium
1058 1411 1224 1465 depulsi
1254 1411 1307 1450 ad
1336 1409 1576 1463 Anglorum

172 1483 336 1536 Regem
357 1481 550 1530 accessio,
574 1487 617 1521 et
637 1486 723 1520 tam
753 1479 1028 1534 Stephanidae
1050 1479 1201 1533 primo,
1226 1493 1352 1532 quam
1375 1476 1578 1518 Richardi

173 1549 352 1590 Comitis
383 1550 693 1603 subsequenter
723 1547 767 1587 in
796 1547 1051 1587 Hiberniam
1082 1545 1382 1586 transfretatio.
1444 1544 1578 1598 Apud

173 1617 456 1658 Powisensem
476 1615 734 1671 provinciam
756 1614 911 1655 nobilis
929 1613 1033 1654 Albi
1055 1613 1309 1654 Monasterii
1332 1612 1575 1667 expeditio:

172 1691 216 1724 et
232 1684 421 1739 ejusdem
436 1699 521 1724 non
539 1684 698 1736 absque
717 1682 913 1722 damnosa
932 1681 1127 1721 obsidum
1143 1680 1517 1728 demembratione,
1535 1686 1578 1719 et

171 1752 357 1792 hostium
378 1751 662 1805 complurium
692 1748 1017 1803 interruptione,
1037 1748 1300 1788 exuberante
1328 1746 1577 1801 pluvialium

171 1833 376 1872 aquarum
430 1818 707 1858 inundatione
763 1815 972 1856 indemnis
1031 1814 1223 1855 reversio.
1317 1813 1575 1867 lVIartyrium

173 1887 382 1927 Thomae:
435 1886 580 1925 crebra
631 1883 932 1924 miraculorum
983 1881 1228 1922 coruscatio.
1309 1879 1575 1920 Nobilissimi

172 1954 251 1994 viri
295 1960 338 1994 et
387 1960 568 2006 utraque
620 1951 747 1992 simul
796 1957 881 1991 tam
931 1949 1045 2004 genii
1089 1964 1216 2002 quam
1265 1947 1438 2002 ingenii,
1490 1954 1576 1987 tam

174 2021 303 2060 animi
325 2035 451 2074 quam
484 2019 595 2059 atavi
626 2018 850 2059 nobilitate
882 2015 1068 2071 praediti,
1092 2023 1136 2056 et
1166 2015 1282 2069 regia
1314 2015 1443 2069 stirpe
1467 2029 1577 2069 prae-

175 2088 288 2137 clari,
305 2087 482 2128 Hem-ici
498 2085 810 2127 Wintoniensis
827 2083 1029 2138 Episcopi
1046 2083 1161 2137 apud
1178 2082 1444 2123 Wintoniam
1462 2081 1575 2121 felici

173 2156 257 2195 fine
280 2155 489 2195 discessio.
540 2153 673 2207 Regis
694 2153 739 2192 in
761 2151 1015 2192 Hiberniam
1037 2165 1255 2190 excursus.
1309 2149 1577 2203 Conspiratio

175 2229 261 2262 tam
293 2237 514 2277 procerum
549 2221 594 2260 in
625 2220 873 2274 principem,
904 2232 1033 2272 quam
1062 2217 1247 2257 filiorum
1276 2216 1321 2256 in
1344 2223 1575 2270 parentem.

176 2289 375 2330 Duorum
395 2288 684 2329 Cardinalium
703 2286 747 2326 in
770 2284 1076 2326 Nonnanniam
1097 2284 1302 2323 adventus
1329 2290 1378 2323 ut
1398 2284 1449 2323 de
1470 2298 1577 2323 mar-

176 2356 280 2410 tyris
320 2363 454 2395 morte
488 2354 740 2394 scrutinium
772 2352 975 2392 facerent.
1038 2351 1170 2403 Regis
1206 2350 1387 2390 reversio
1415 2357 1457 2390 ct
1493 2357 1577 2390 tam

175 2423 316 2463 subita
335 2422 387 2462 ab
411 2421 622 2462 Hibernia
638 2420 683 2460 in
706 2418 969 2468 Cambriam3
1003 2433 1026 2458 a
1049 2417 1245 2458 Cambria
1272 2417 1315 2456 in
1338 2416 1575 2470 Locgriam,

175 2504 199 2529 a
230 2489 412 2543 Loegria
437 2489 482 2529 in
509 2488 552 2529 N
557 2487 814 2528 ormanniam
847 2485 1140 2534 transvolati03
1174 2492 1217 2524 et
1246 2485 1467 2538 repentina
1492 2491 1576 2524 tam

178 2556 465 2597 Cardinalium
489 2571 616 2610 quam
646 2555 905 2595 Francorum
926 2552 1059 2606 Regis
1087 2552 1373 2606 complacatio.
1435 2552 1578 2592 Prima

176 2624 310 2677 Regis
336 2623 519 2678 junioris
541 2637 637 2663 cum
670 2622 836 2662 duobus
872 2620 1075 2660 fratribus
1107 2620 1192 2660 suis
1228 2620 1272 2659 in
1304 2619 1522 2660 Franciam
1554 2635 1579 2659 a

174 2698 294 2745 patre
329 2690 542 2731 discessio.
605 2689 716 2730 Belli
756 2688 964 2729 biennalis
1006 2695 1048 2728 et
1088 2687 1310 2741 plusquam
1347 2687 1478 2728 civilis
1514 2687 1578 2726 in-

687 2777 694 2796 ¹
725 2776 961 2817 Exortubatur,
982 2775 1016 2807 M
1024 2776 1057 2808 S.
