1908 3135
379 259 397 296 1
408 256 461 300 72
789 270 1030 301 GIRALDUS
1066 271 1365 302 CAMBRENSIS

375 370 633 411 Francorum
669 372 827 421 afflatu,
862 374 1003 414 statim
1041 374 1082 414 in
1116 375 1259 428 fugam
1293 376 1441 430 ignave
1477 377 1769 432 celeriterque,

375 454 451 479 nec
464 440 726 494 respiciendo
741 456 818 481 nec
831 442 1088 493 rebellando,
1104 451 1204 484 sunt
1220 459 1445 496 conversae,
1465 447 1771 502 speluncasque

375 523 470 548 suas
505 514 548 548 et
586 509 828 549 cavernulas
868 524 1025 560 omnes,
1063 511 1271 566 solitaque
1311 513 1491 554 latibula
1531 522 1574 555 et
1613 516 1771 556 cubilia

373 582 537 625 cuncta,
561 591 656 616 cum
688 577 843 630 praedis
874 578 1107 619 innumeris
1129 587 1172 620 et
1205 581 1370 635 pascuis
1395 582 1545 636 amplis
1581 598 1626 623 ac
1657 583 1767 632 latis,

371 643 546 683 floribus
576 651 619 684 et
652 644 845 684 floriferis
877 645 988 686 inter
1021 647 1132 701 ipsas
1163 648 1265 688 belli
1299 649 1508 703 primitias
1539 650 1765 704 reliquere.

372 713 604 768 Impletum
624 714 692 754 hic
712 714 857 767 igitur,
881 714 990 755 sicut
1008 715 1052 755 in
1072 716 1164 756 aliis
1177 716 1322 756 multis
1339 717 1556 758 evidenter
1575 724 1764 772 apparet,

370 781 476 822 illud
517 783 805 835 evangelicum
825 783 1032 824 Veritatis
1070 785 1203 838 ipsius
1227 787 1340 838 quod
1378 786 1469 826 falli
1504 802 1587 826 non
1624 793 1765 840 potest

369 849 607 902 eulogium:
686 849 771 894 Qui
804 865 846 890 Se
877 851 1070 891 humiliat
1109 852 1379 902 exaltabitur,
1417 860 1456 893 et
1491 855 1562 907 qui
1602 854 1765 894 exaltat

366 917 682 958 hmm‘liabitnr.¹

426 983 549 1032 Item,
574 984 692 1024 fuere
728 985 940 1025 modernis
960 985 1041 1025 hiis
1060 987 1214 1027 nostris
1236 987 1385 1028 diebus
1406 995 1450 1029 et
1470 989 1626 1029 finibus
1646 989 1764 1043 prin-

365 1051 477 1104 cipes
500 1051 671 1104 quidam
694 1052 782 1105 qui,
804 1052 916 1092 bello
939 1059 1141 1107 tanquam
1162 1053 1336 1104 indicto,
1356 1071 1520 1110 semper
1540 1056 1585 1096 in
1598 1071 1647 1096 ea
1663 1072 1761 1110 quae

365 1117 449 1158 Dei
469 1125 569 1158 sunt
588 1134 738 1158 manus
759 1119 898 1159 avidas
935 1126 1063 1174 atque
1084 1136 1253 1175 rapaces
1285 1123 1580 1172 extendentes,
1604 1122 1762 1163 Christi

363 1199 571 1238 sponsam,
605 1201 732 1239 quam
754 1185 851 1240 Ipse
885 1186 966 1227 sibi
1000 1202 1077 1241 pro
1117 1188 1251 1229 salute
1287 1190 1382 1230 fuso
1413 1190 1615 1243 sanguine
1650 1205 1763 1231 com-

362 1253 538 1305 paravit,
575 1253 691 1293 nulla
722 1268 894 1307 prorsus
930 1255 974 1294 in
1010 1255 1131 1295 terris
1153 1256 1237 1296 suis
1266 1257 1387 1310 fungi
1416 1258 1614 1298 libertate
1636 1259 1762 1299 susti-

363 1327 564 1361 nuerunt.
626 1320 817 1374 Ideoque
867 1322 1046 1362 terribili
1096 1324 1259 1363 cunctis
1310 1325 1507 1378 exemplo
1557 1325 1760 1366 divinitus

362 1386 545 1436 indulto,
581 1388 706 1427 modo
736 1388 912 1428 ultionis
945 1389 1293 1443 exquisitissimo,
1338 1391 1455 1445 prole
1484 1393 1655 1446 propria
1686 1394 1759 1434 sed

362 1468 487 1506 prave
527 1462 732 1508 suscepta,
766 1455 993 1509 statimque
1032 1456 1075 1496 in
1115 1465 1309 1511 parentes
1349 1459 1546 1499 atrociter
1586 1468 1758 1511 armata,

363 1521 562 1561 continua
626 1522 713 1562 fere
784 1523 986 1576 finalique
1049 1525 1342 1577 persecutione
1392 1527 1546 1579 puniri,
1598 1543 1758 1582 perque

361 1593 556 1640 potentes
597 1589 647 1628 de
688 1589 861 1643 Pippini
912 1590 1147 1644 Karolique
1196 1592 1383 1644 germine
1423 1592 1536 1633 felici
1577 1595 1757 1648 desuper

363 1653 522 1694 ultores
544 1655 726 1709 denique
749 1656 880 1705 datos,
902 1672 926 1696 a
946 1657 1068 1697 terris
1090 1657 1247 1698 eisdem
1270 1659 1314 1698 in
1345 1660 1501 1713 quibus
1522 1660 1757 1702 Dominum

362 1720 556 1760 honorari
578 1722 808 1776 debitoque
840 1723 890 1763 de
919 1725 1016 1777 jure
1047 1740 1131 1764 non
1160 1726 1455 1778 permiserunt,
1479 1727 1756 1779 ignominiose

363 1787 487 1828 nimis
501 1794 542 1828 et
557 1804 791 1830 aerumnose
804 1796 1003 1844 tanquam
1015 1791 1171 1831 talione
1187 1800 1395 1846 suscepta,
1407 1794 1652 1848 exstirpari2
1662 1811 1758 1850 pro-

364 1862 627 1896 meruerunt.
680 1856 858 1897 Utinam
876 1872 898 1897 a
917 1864 1026 1897 terra
1039 1858 1271 1899 viventium
1290 1860 1399 1900 sicut
1416 1868 1458 1901 et
1470 1862 1756 1912 morientium,

363 1936 386 1961 a
408 1928 517 1962 terra
533 1923 647 1962 vitali
665 1924 774 1964 sicut
788 1931 830 1964 et
842 1925 1002 1978 poenali
1016 1925 1102 1965 sive
1119 1926 1279 1976 lethali,
1295 1943 1318 1967 a
1332 1935 1442 1968 terra
1459 1944 1585 1982 quam
1603 1931 1757 1983 quaeri-

362 2003 455 2028 mus
493 1989 578 2039 illa,
620 1989 729 2031 sicut
769 1998 812 2031 et
843 1998 952 2032 terra
985 2007 1109 2045 quam
1149 1994 1324 2034 terimus
1354 1995 1447 2044 ista,
1484 1997 1645 2037 meritis
1682 2013 1757 2052 per

363 2056 503 2096 omnia
532 2057 670 2110 pravis
710 2058 1006 2099 damnabiliter
1037 2060 1210 2113 expelli,
1252 2077 1335 2101 non
1367 2062 1631 2105 meruissent.
1694 2064 1756 2106 Hi

359 2137 458 2161 vero
494 2122 537 2161 in
567 2123 708 2175 regnis
738 2124 823 2163 suis
845 2139 893 2163 ea
914 2139 1012 2177 quae
1035 2125 1117 2164 Dei
1150 2133 1249 2166 sunt
1270 2127 1456 2167 Domino
1493 2129 1642 2170 devote
1661 2132 1756 2171 red·-

364 2189 524 2238 dentes,
548 2195 591 2229 et
619 2190 718 2243 jura
737 2190 1014 2231 ecclesiastica
1034 2192 1120 2232 suis
1140 2194 1357 2234 tractanda
1390 2195 1578 2248 praelatis
1610 2205 1653 2238 et
1674 2199 1756 2238 dis-

363 2255 590 2308 pensanda,
612 2270 709 2295 cum
739 2256 1017 2309 dignitatibus
1038 2264 1081 2298 et
1100 2258 1368 2300 libertatibus
1398 2263 1560 2303 cunctis
1590 2264 1756 2318 integra

364 2327 407 2360 et
437 2320 600 2362 illibata
633 2322 934 2376 relinquentes,
963 2330 1049 2363 tam
1081 2324 1148 2364 hic
1171 2341 1297 2379 quam
1318 2327 1419 2368 alibi
1448 2331 1640 2370 mercede
1666 2347 1755 2372 sus-

363 2393 497 2441 cepta,
521 2395 563 2428 et
576 2388 746 2429 honoris
765 2389 809 2429 in
830 2390 952 2430 terris
979 2390 1238 2432 incrementa
1261 2396 1490 2449 perampla,
1513 2404 1555 2437 et
1575 2398 1620 2438 in
1641 2399 1755 2439 caelis

361 2460 458 2507 post
487 2454 587 2495 vitae
619 2455 863 2509 temporalis
898 2457 1047 2511 spatia,
1079 2473 1244 2499 coronae
1277 2461 1543 2516 triumphalis
1579 2466 1754 2518 praemia

360 2535 437 2573 pro
458 2526 543 2560 tam
559 2522 677 2575 justo
697 2522 900 2576 regimine
923 2525 1125 2578 consequi
1146 2533 1361 2567 merentur
1382 2536 1553 2571 aeterna.

420 2586 519 2626 Non
541 2587 674 2640 igitur
700 2589 911 2639 inmerito,
935 2605 1012 2630 nec
1040 2591 1199 2645 absque
1231 2593 1543 2637 evidentissimo
1568 2599 1749 2652 justitiae

361 2652 541 2692 caelestis
567 2653 743 2707 judicio,
767 2662 891 2696 terrae
914 2662 1187 2709 tyrannorum
1211 2666 1293 2699 tam
1316 2676 1553 2714 pravorum,
1581 2671 1751 2719 tamque

407 2771 415 2789 ¹
443 2770 528 2803 Mat.
553 2771 653 2805 xxiii.
675 2774 729 2805 12.
1057 2775 1070 2795 ²
1091 2776 1263 2821 Strepitus‚
1283 2778 1357 2813 MS.
1374 2793 1381 2821 3
1400 2780 1484 2814 forte
1501 2783 1659 2826 stirpitus.
