1908 3135
549 220 612 251 DE
647 220 997 253 INSTRUCTIONE
1034 223 1317 256 PRINCIPUM-
1544 217 1625 261 177

757 389 864 430 CAP.
891 389 1082 431 XXXI.

209 482 276 520 De
298 482 499 535 finalibus
542 485 791 537 quibasdam
842 487 897 526 ad
929 489 1089 540 prioris
1139 489 1384 530 evidentiam
1425 491 1619 544 adjectio-

855 554 987 594 nibus.

273 647 425 688 TALEs
459 656 559 688 sunt
593 649 727 702 igitur
754 650 898 691 exitus
927 659 1218 705 tyrannorum,
1248 662 1291 695 et
1324 662 1410 696 tam
1438 659 1615 707 cruenti,

215 713 327 752 sicut
367 714 411 753 in
446 714 582 767 prima
614 715 884 757 distinctione
916 718 1099 771 plurima
1132 729 1324 761 veterum
1360 723 1513 763 docent
1543 740 1617 764 cx-

213 779 364 832 empla.
420 779 472 819 In
492 781 701 835 principio
723 783 876 823 florent
897 784 939 823 in
965 800 1089 825 omne
1118 788 1253 827 cordis
1276 788 1544 839 desiderium,
1568 800 1616 832 ut

214 845 289 898 qui
311 846 507 886 sordibus
542 855 641 888 sunt
670 850 911 890 sordescant
931 852 1113 906 amplius
1133 871 1142 903 3
1168 853 1280 907 [qui]
1312 855 1420 895 laxis
1441 856 1615 896 habenis

213 911 463 961 efferuntur,
479 913 523 953 in
542 914 626 954 fine
648 930 746 955 vero
766 916 930 956 vindice
953 918 1128 959 dextera
1149 920 1298 960 misere
1319 923 1612 971 succumbunt,

214 985 257 1017 et
288 986 489 1032 tanquam
519 980 643 1020 flores
672 982 803 1031 verni,
838 997 944 1036 quos
977 983 1169 1039 Zephyri
1201 986 1465 1041 Favoniique
1497 989 1615 1029 favor

213 1046 265 1085 ad
315 1053 482 1100 tempus
522 1048 773 1099 eduxerant,
821 1051 960 1091 Boreo
1000 1053 1142 1093 subito
1185 1053 1400 1108 Circiique
1440 1056 1610 1097 flatibus

215 1121 516 1155 emarcescunt.
578 1115 705 1156 Patet
734 1117 867 1171 igitur
903 1133 957 1158 ex
987 1119 1227 1172 praemissis,
1264 1121 1366 1175 quia
1400 1123 1468 1163 cui
1516 1124 1612 1178 plus

213 1180 507 1231 committitur,
548 1189 592 1222 et
645 1183 741 1237 plus
781 1185 833 1224 ab
888 1201 938 1225 eo
985 1186 1189 1240 exigitur.
1269 1187 1398 1229 Patet
1439 1205 1610 1244 quoquc

215 1254 375 1299 quanto
414 1248 567 1301 gradus
602 1249 740 1298 altior,
782 1258 901 1291 tanto
940 1267 1058 1292 casus
1093 1253 1270 1306 gravior.
1344 1254 1470 1295 Patet
1511 1257 1610 1310 quia

213 1313 290 1366 qui
313 1313 564 1367 longanimis
584 1324 867 1370 exspectator,
890 1319 1003 1358 idem
1023 1320 1292 1372 gravissimus
1313 1329 1376 1361 est
1405 1330 1449 1362 et
1481 1323 1607 1364 ultor.

214 1378 354 1430 Patet,
391 1381 579 1434 inquam,
618 1383 719 1436 quia
752 1399 859 1437 quos
892 1385 1033 1426 divina
1065 1386 1289 1427 clementia
1325 1387 1399 1427 diu
1431 1396 1481 1429 ut
1513 1405 1609 1429 con-

210 1453 431 1486 vertantur
448 1448 611 1498 tolerat,
634 1464 718 1490 non
736 1465 955 1491 conversos
972 1453 1140 1505 gravius
1163 1453 1345 1494 damnat.
1407 1455 1610 1497 Potentes

211 1513 324 1553 enim
367 1521 565 1568 potenter
607 1522 817 1557 tormenta
847 1519 1078 1571 patientur,
1113 1527 1156 1559 et
1186 1520 1432 1561 fortioribus
1461 1522 1611 1563 fortior

211 1579 341 1620 instat
375 1582 589 1622 cruciatio.
651 1583 819 1624 Judicia
850 1585 1010 1639 quippe
1043 1586 1219 1626 Domini
1251 1587 1425 1640 abyssus
1460 1590 1607 1630 multa.

212 1646 370 1687 Nullus
391 1648 560 1702 Regum
585 1649 943 1701 Normannorum,
968 1667 1063 1692 curn
1095 1668 1230 1707 usque
1263 1655 1315 1693 ad
1345 1655 1436 1694 haee
1468 1665 1610 1696 nostra

209 1720 401 1767 tempora
430 1716 519 1768 jam
558 1717 611 1770 vj.
633 1716 699 1756 vel
737 1718 809 1772 vij.
846 1718 975 1772 elapsi
1010 1719 1200 1769 fuerunt,
1239 1720 1366 1760 vitam
1406 1721 1607 1762 laudabili

210 1780 294 1820 fine
316 1781 588 1822 te1·1ninavit.¹
649 1783 772 1824 Sicut
805 1792 949 1825 autem
979 1786 1185 1826 bonorum
1224 1787 1309 1827 vita
1343 1788 1465 1827 bonis
1503 1790 1607 1829 reci-

209 1847 336 1886 tanda
356 1854 420 1887 est
439 1848 491 1887 ad
511 1848 779 1899 imitandum,
814 1851 871 1890 sic
894 1851 1020 1891 etiam
1042 1852 1247 1892 malorum
1280 1853 1493 1894 interdum
1521 1863 1605 1895 tam

209 1913 329 1952 malis
351 1929 477 1966 quam
508 1915 632 1955 bonis
653 1916 705 1956 ad
726 1916 982 1958 evitandum.
1044 1917 1195 1958 Virtus
1226 1919 1452 1969 enimvero,
1474 1929 1523 1961 ut
1546 1922 1606 1962 ait

209 1980 400 2029 Boetius,
442 1996 530 2021 sese
573 1982 713 2035 diligit
761 1984 1032 2038 aspernitque
1073 1986 1307 2035 contraria3
1349 2001 1424 2027 nec
1464 1996 1606 2041 potest

207 2046 365 2086 malum
415 2047 541 2087 vitari
589 2049 669 2088 nisi
719 2050 948 2103 cognitum.
1013 2050 1137 2090 Unde
1174 2059 1218 2091 et
1251 2052 1358 2092 illud
1405 2054 1605 2108 sapientis

209 2112 450 2166 eulogium3
507 2114 727 2155 Erudiunt
780 2115 1032 2170 plerumque
1078 2117 1212 2157 bonos
1261 2120 1457 2173 exempla
1518 2135 1604 2160 ma-

206 2178 357 2220 lorum.
420 2179 512 2220 Nec
543 2182 680 2222 solum
711 2182 938 2236 principes,
977 2198 1221 2236 quanquam
1251 2185 1432 2239 principi
1465 2194 1602 2227 tamen

206 2246 422 2299 praecipue
456 2247 609 2287 titulus
641 2249 877 2297 conveniat,
915 2249 987 2288 sed
1025 2249 1152 2288 etiam
1188 2250 1370 2303 praelati,
1404 2266 1481 2291 nec
1519 2268 1602 2292 non

207 2319 250 2351 et
302 2312 456 2365 privati
510 2314 708 2367 quilibet,
751 2314 818 2354 hic
872 2315 1089 2354 invenient
1141 2323 1225 2355 tam
1279 2332 1354 2370 per
1407 2319 1602 2371 exempla

207 2393 333 2432 quam
354 2387 580 2432 praecepta,
603 2387 645 2420 et
676 2381 791 2433 quod
823 2380 970 2434 fugere
1003 2380 1196 2430 debeant,
1229 2389 1272 2422 et
1304 2384 1417 2435 quod
1451 2385 1597 2438 sequi:

206 2446 381 2499 longum
404 2446 513 2485 enim
542 2446 623 2486 iter
652 2454 729 2496 est,
754 2454 802 2487 ut
833 2447 893 2487 ait
926 2447 1228 2500 Hieronymus,
1250 2464 1326 2501 per
1362 2457 1599 2503 praecepta3

203 2512 470 2552 commodum
492 2520 633 2552 autem
656 2521 698 2553 et
719 2514 1065 2567 compendiosum
1087 2528 1162 2566 per
1183 2515 1389 2568 exempla.
1433 2516 1601 2556 Bonum

206 2586 271 2618 est
307 2578 437 2632 igitur
475 2579 611 2618 alieno
650 2579 693 2618 in
733 2579 842 2619 malo
882 2580 1086 2633 fugienda
1124 2580 1294 2621 intueri.
1358 2582 1602 2636 Indempnis

208 2645 369 2698 quippe
402 2653 465 2685 est
492 2646 724 2698 castigatio,
759 2661 885 2698 quam
918 2647 1163 2700 praedocent
1195 2648 1475 2701 exemplaria3
1499 2649 1603 2688 felix

531 2726 538 2743 ¹
568 2726 683 2770 Henry
705 2726 772 2758 III.
790 2726 895 2770 began
915 2733 948 2759 to
966 2727 1070 2770 reign,
1090 2739 1119 2760 Λ.
1143 2739 1171 2759 ι).
1194 2729 1292 2761 1:217.

1405 2799 1429 2824 N
