1908 3135
170 671 266 703 Origin
279 671 310 696 of
321 672 367 696 the

171 705 242 728 Picts
255 704 310 729 and

169 739 257 762 scots.

391 256 470 294 188
777 267 1015 301 GIRALDUS
1049 271 1347 303 oAMBRENffls
1637 261 1781 320 [ΑΡΡΧ.

1042 457 1123 498 VI.

958 558 1025 597 De
1041 557 1202 598 Scotis.¹

443 656 668 713 QUONJAM
691 664 833 713 autem
850 657 901 696 de
924 656 1054 697 Pictis
1075 663 1120 696 et
1141 656 1279 696 Scotis
1299 657 1410 698 facta
1431 666 1495 700 est
1514 659 1581 700 hic
1602 661 1776 710 mentio,

385 738 481 776 quae
510 731 658 777 gentes
689 732 733 764 et
756 724 912 777 quibus
941 739 996 764 ex
1017 723 1221 777 partibuS‚
1252 725 1458 777 quibusve
1487 726 1539 766 de
1574 727 1708 766 causis
1735 727 1780 766 in

385 790 647 830 Britanniam
687 790 872 829 advectae
915 796 1027 838 sunt,
1068 790 1177 829 sicut
1215 804 1269 829 ex
1315 791 1487 832 diversis
1534 792 1778 847 collegimus

382 857 583 906 historiis,
606 856 673 895 hic
695 856 1025 909 explanandum,
1048 863 1210 909 praeter
1229 871 1317 896 rem
1338 871 1421 896 11011
1443 858 1699 911 putavimus.

440 923 584 962 Pictos
602 923 746 975 itaque
768 937 873 975 quos
894 929 937 961 et
960 921 1180 974 Agatirsos
1200 923 1410 976 Virgilius
1430 930 1566 972 vocat,
1603 924 1777 965 Sciticas

382 990 546 1030 circiter
576 990 750 1043 paludes
788 988 1071 1029 habitationes
1102 989 1312 1038 habuisse,
1349 990 1541 1030 referunt
1575 991 1777 1032 historiae.

382 1057 449 1096 De
491 1057 647 1109 quibus
689 1063 731 1096 et
771 1055 943 1096 Servius
983 1071 1109 1110 super
1147 1057 1378 1110 Virgilium
1414 1066 1702 1099 commentans
1738 1066 1782 1100 et

380 1124 492 1163 hunc
513 1123 652 1163 locum
673 1137 904 1176 exponenS,
927 1137 981 1162 sc.
1000 1125 1026 1144 “
1044 1123 1186 1163 Pictos
1206 1123 1466 1176 Ayatir808,’'
1486 1124 1570 1174 ait;
1595 1127 1621 1146 “
1638 1125 1780 1165 Pictos

381 1190 549 1230 eosdem
580 1205 686 1243 quos
717 1197 760 1229 et
790 1189 1013 1242 Agatirsos
1047 1190 1321 1244 appellamus,
1358 1197 1402 1230 et
1435 1190 1634 1231 dicuntur
1667 1191 1777 1232 Picti

382 1256 501 1309 quasi
537 1257 828 1310 stigmatizati‚
870 1256 971 1310 quia
1009 1256 1259 1309 stigmatiari
1300 1264 1343 1296 et
1382 1257 1606 1297 cauteriari
1641 1258 1778 1299 solent

378 1330 556 1376 propter
576 1323 878 1363 abundantiam
899 1323 1122 1363 fleumatis.
1184 1323 1245 1363 Et
1278 1330 1378 1363 sunt
1407 1324 1452 1363 hi
1472 1324 1620 1377 populi
1647 1324 1775 1364 iidem

381 1389 456 1442 qui
491 1396 535 1429 et
570 1389 719 1430 Gothi.
797 1389 1012 1431 Quoniam
1044 1389 1195 1443 utique
1226 1390 1302 1430 ubi
1337 1404 1392 1430 ex
1424 1390 1580 1430 crebris
1606 1390 1777 1443 stigma-

380 1456 494 1495 tibus
511 1455 724 1496 cicatrices
745 1456 1030 1503 obducuntur,
1053 1470 1226 1509 corpora
1241 1455 1361 1509 quasi
1381 1456 1498 1509 picta
1514 1456 1775 1507 redduntur;

381 1536 437 1562 ex
458 1522 653 1562 cauteriis
672 1521 917 1576 hujusmodi
949 1521 993 1560 in
1014 1521 1227 1561 cicatrices
1248 1521 1443 1562 obductis
1463 1523 1582 1562 Picti
1603 1537 1775 1576 quoque

380 1595 480 1629 sunt
499 1588 675 1629 vocati.”

439 1655 548 1695 Cum
569 1670 669 1709 ergo
690 1654 911 1695 Maximus
943 1654 1015 1694 ille
1038 1661 1242 1708 tyrannus
1263 1655 1314 1694 de
1337 1654 1560 1695 Britannia
1577 1655 1621 1694 in
1643 1655 1679 1696 F
1679 1670 1774 1696 ran-

379 1722 498 1771 ciam,
531 1737 627 1762 cum
647 1722 796 1761 robore
826 1721 1011 1760 virorum
1042 1736 1089 1760 ac
1119 1721 1273 1760 virium
1303 1735 1466 1761 necnon
1498 1728 1542 1761 et
1561 1736 1772 1762 armorum

378 1789 529 1830 insulae
550 1796 655 1838 toto,
677 1788 729 1828 ad
751 1789 1043 1842 occupandum
1065 1788 1291 1841 imperium
1322 1794 1582 1828 transvectus
1606 1788 1770 1839 fuisset,

379 1856 608 1896 Gratianus
643 1863 686 1896 et
722 1855 1048 1897 Valentinianus
1086 1855 1237 1895 fratres
1278 1861 1320 1895 et
1357 1862 1568 1896 consortes
1604 1855 1771 1909 imperii

375 1929 546 1976 gentem
566 1923 673 1963 hanc
688 1922 899 1971 Goticam,
914 1922 1042 1962 rebus
1062 1922 1106 1961 in
1122 1921 1284 1962 bellicis
1300 1922 1454 1962 fortem
1474 1937 1520 1962 ac
1541 1929 1768 1972 strenuam,

376 1990 455 2029 sibi
489 2005 660 2043 quoque
693 1989 758 2029 vel
795 1989 1106 2029 confederatam
1138 1989 1203 2028 vel
1238 1989 1486 2043 subjectam,
1523 1996 1566 2029 et
1598 1990 1769 2044 imperi-

376 2056 513 2096 alibus
565 2064 650 2096 tam
688 2055 919 2104 beneficiis,
966 2070 989 2094 a
1039 2055 1184 2095 Scitiae
1224 2055 1381 2095 finibus
1420 2056 1464 2095 in
1503 2056 1769 2109 aquilonares

376 2122 610 2163 Britanniae
648 2128 789 2175 partes
828 2122 879 2161 ad
919 2121 1117 2161 Britones
1151 2121 1438 2161 infestandum
1467 2128 1510 2162 et
1542 2128 1768 2175 tyrannum

375 2204 471 2229 cum
486 2190 713 2243 juventute
744 2187 861 2241 regni
891 2194 980 2227 tota
1001 2202 1127 2241 quam
1158 2187 1395 2227 abduxerat
1415 2202 1499 2227 non
1529 2188 1766 2228 rediturum

374 2271 447 2296 seu
468 2255 760 2304 revocandum,
782 2254 948 2307 navigio
969 2253 1304 2294 transmiserunt.

432 2323 502 2363 Illi
523 2337 620 2362 vero
642 2329 783 2362 tamen
810 2320 1010 2374 quoniam
1041 2321 1185 2360 innata
1218 2320 1460 2360 Gothorum
1487 2320 1765 2362 bellicositate

372 2389 575 2444 pervalidi
618 2389 806 2437 fuerunt,
848 2394 987 2427 tamen
1035 2394 1078 2427 et
1118 2387 1316 2440 quoniam
1349 2387 1542 2437 insulam,
1582 2388 1680 2427 viris
1719 2403 1766 2428 ac

372 2456 545 2506 viribus,
567 2462 616 2496 ut
644 2446 845 2503 diximus,
876 2468 1049 2494 vacuam
1069 2453 1336 2502 invenerunt,
1358 2454 1546 2494 boreales
1576 2454 1765 2507 ejusdem

372 2530 511 2577 partes
533 2537 579 2562 ac
609 2521 843 2575 provincias
874 2535 960 2560 non
983 2520 1166 2560 modicas
1198 2521 1249 2560 ad
1281 2535 1397 2560 suam
1428 2535 1514 2560 non
1544 2522 1765 2570 reversuri,

372 2590 532 2643 quippe
565 2589 616 2628 de
655 2587 928 2642 praedonibus
973 2587 1142 2627 demum
1184 2587 1336 2628 accolae
1377 2587 1492 2637 facti,
1545 2594 1766 2640 usurpatas

372 2662 645 2710 occuparunt.

971 2757 981 2777 ¹
1008 2757 1029 2790 f.
1049 2760 1102 2799 96,
1122 2758 1152 2791 b.
