1908 3135
144 1969 201 1994 The
215 1971 316 2003 Empe-

143 2010 186 2027 ror
199 2011 221 2027 rs

143 2035 279 2073 drowned,

143 2076 263 2100 crossmg

143 2101 189 2125 the
202 2101 270 2126 river

144 2134 222 2158 Sclef.
261 2135 313 2159 De-

143 2166 272 2198 scription
285 2167 315 2192 of

143 2198 185 2223 his
197 2207 304 2231 person.

380 257 399 294 1
408 255 461 295 34
784 265 1023 297 GIRALDUS
1058 262 1357 296 CAMBRENSIS

378 362 524 403 Iconio
554 363 636 404 iter
660 370 848 417 agerent,
869 378 982 404 nunc
1009 378 1065 403 ex
1095 363 1257 403 insidiis
1278 377 1391 403 nunc
1424 362 1561 416 palam
1583 362 1766 402 lacescit.

378 430 556 471 Obsides
574 431 775 485 quidnam
794 430 874 470 hoc
891 437 1000 471 esset
1020 430 1268 483 interrogati
1282 429 1386 470 utile
1408 429 1489 469 sibi
1505 429 1767 483 confingunt,

375 498 640 539 mendacium
659 505 873 538 asserunt:
907 512 962 538 sc.
985 497 1175 538 Turchos
1206 496 1415 537 silvestres
1446 511 1549 545 esse,
1572 496 1647 550 qui
1673 495 1768 535 nul-

372 566 455 606 lius
484 565 662 620 imperio
696 566 930 619 subjacent,
967 565 1138 605 sedibus
1174 570 1379 617 vagantur
1413 563 1596 612 incertis,
1636 562 1768 602 nichil

370 633 575 673 habentes
614 632 847 687 proprium,
888 631 1026 672 aliena
1064 645 1228 685 semper
1262 629 1328 670 vel
1367 629 1515 683 rapina
1549 629 1617 670 vel
1652 630 1768 670 furto

369 700 644 741 insectantur.
706 699 881 740 Parcius
912 705 1053 738 tamen
1078 699 1238 739 instant
1265 712 1351 737 non
1382 696 1647 737 immemores
1671 711 1768 737 suo-

368 781 464 808 rum
486 766 733 808 occubuisse
750 765 1096 820 quamplurimos,
1159 765 1271 805 Nam
1293 763 1403 804 sicut
1422 764 1637 804 modestus
1654 764 1768 804 aesti-

368 841 504 874 mator
543 833 734 883 asseruit,
766 833 812 872 in
853 832 1142 886 superioribus
1182 831 1306 871 bellis
1345 830 1456 885 xxij.
1499 831 1766 872 Thurcorum

367 901 501 940 millia
519 901 684 954 gladius
706 899 865 940 occisor
885 899 1158 952 consumpsit.

426 967 531 1022 [Sed
561 969 651 1022 jam
672 966 806 1007 victor
838 964 1071 1018 exercitus]
1105 964 1324 1005 Armeniae
1356 965 1460 1004 fines
1498 964 1762 1017 ingreditur;

365 1034 566 1075 laetantur
586 1049 728 1074 omnes
742 1033 859 1088 quod
871 1033 1025 1073 hostile
1046 1047 1223 1085 regnum
1240 1032 1412 1081 emensi,
1428 1031 1563 1071 securi
1575 1031 1765 1071 fidelium

364 1101 473 1141 arvis
503 1100 741 1141 insiderint.
804 1099 889 1140 Sed
919 1099 1032 1140 heu!
1070 1106 1180 1140 terra
1212 1099 1395 1139 occurrit
1424 1097 1633 1138 funestior
1664 1112 1762 1151 quae

365 1175 615 1209 cunctorum
632 1167 829 1209 laetitiam
850 1174 893 1207 et
912 1167 1056 1207 lumen
1077 1166 1310 1220 extinguit.
1354 1165 1544 1206 Accedat
1562 1164 1689 1205 homo
1711 1165 1763 1205 ad

365 1250 435 1276 cor
456 1235 602 1285 altum,
625 1242 668 1275 et
686 1234 914 1288 investiget
934 1234 968 1273 si
988 1234 1122 1288 possit
1142 1233 1317 1273 consilia
1338 1232 1528 1282 Domini,
1550 1233 1670 1286 cujus
1691 1233 1764 1287 ju-

365 1303 474 1343 dicia
513 1304 688 1356 abyssus
728 1302 875 1342 multa.
939 1301 1145 1341 Occurret
1184 1314 1491 1354 nonnunquam
1522 1300 1634 1339 unde
1675 1306 1764 1339 stu-

364 1377 477 1423 peat,
500 1371 611 1409 unde
633 1370 845 1417 turbetur,
866 1369 927 1409 ita
948 1375 1087 1409 tamen
1111 1369 1226 1422 quod
1243 1368 1287 1408 in
1319 1368 1516 1408 omnibus
1546 1373 1760 1408 auctorem

365 1436 530 1476 noverit
550 1436 740 1476 omnium
761 1436 1152 1476 commendandum.

919 1570 1025 1610 CAP.
1051 1569 1215 1610 XXII.

365 1662 433 1701 De
468 1661 724 1713 Imperatore
747 1658 883 1712 flavio
915 1658 1086 1712 quodam
1114 1658 1317 1698 Armewiae
1348 1663 1445 1711 post
1477 1663 1535 1697 tot
1566 1658 1762 1698 victorias

421 1728 634 1775 submerso,
650 1726 758 1780 prola
778 1726 923 1766 dolor!
955 1731 994 1765 et
1015 1726 1218 1773 extinctm·
1248 1731 1287 1765 et
1308 1725 1492 1765 eaeercitn
1514 1731 1627 1764 tanto
1650 1726 1763 1778 apud

422 1793 686 1833 Antiochiam
701 1793 926 1841 exinanito,
945 1798 983 1832 et
996 1797 1094 1845 post
1115 1798 1273 1831 tantam
1291 1793 1468 1832 mediam
1486 1793 1605 1846 copia
1619 1798 1761 1832 secuta

422 1867 505 1901 tam
526 1861 740 1913 desperato
763 1875 884 1913 quam
906 1860 1119 1913 dispersos

419 1960 552 2000 ERAT
573 1960 689 2000 locus
710 1960 753 1999 in
776 1959 870 1999 sinu
893 1959 1126 2009 Armeniae,
1151 1974 1277 2013 quem
1308 1959 1406 2000 hinc
1436 1966 1601 2000 montes
1625 1959 1759 2008 ardui,

361 2026 458 2066 hinc
483 2026 623 2066 Sclefii
641 2029 656 2051 ‘2
677 2026 837 2066 flumen
857 2026 1151 2080 praeterfluens
1173 2027 1420 2075 coartabat,3
1436 2041 1519 2079 qua
1533 2027 1633 2066 dum
1647 2042 1760 2066 sum-

361 2093 482 2132 marii
504 2100 547 2132 et
567 2093 740 2132 sarcinae
763 2100 997 2141 transeunt,
1020 2093 1268 2133 victoriosus
1290 2093 1528 2147 Imperator
1552 2094 1758 2133 subsistit.

361 2158 440 2200 Vir
473 2159 644 2212 quidem
674 2159 871 2212 inclytus,
905 2160 1027 2212 cujus
1059 2166 1220 2199 statura
1254 2159 1522 2199 mediocriter
1555 2159 1757 2209 eminens,

360 2225 493 2266 crines
524 2226 657 2275 rutili,
693 2226 824 2266 barba
863 2227 1033 2276 rubens,
1070 2227 1273 2280 utrinque
1309 2226 1519 2266 interfusa
1555 2227 1728 2266 canities
1747 2244 1756 2277 3

408 2338 418 2358 ¹
445 2338 496 2371 De
515 2338 694 2381 Vinesauf‚
712 2350 744 2382 p.
773 2340 850 2372 265.
1094 2339 1128 2372 in
1155 2351 1211 2374 an.
1246 2342 1347 2373 1188.
1399 2340 1454 2373 He
1487 2340 1544 2373 fell
1577 2340 1662 2373 from
1705 2341 1758 2374 his

408 2384 420 2401 ²
447 2384 494 2417 Of
515 2384 583 2417 this
609 2384 695 2417 river
713 2384 829 2417 Fusscr
854 2396 942 2429 says,
957 2386 978 2403 ‘⁴
994 2386 1025 2418 A

365 2430 450 2462 river
476 2430 575 2473 (such
604 2430 632 2463 is
659 2431 716 2463 1110
742 2443 828 2475 envy
846 2431 883 2463 of
907 2431 1026 2464 barba-

365 2476 445 2508 rism
476 2476 655 2520 obscuring
684 2476 728 2509 all
754 2477 897 2521 places),
915 2477 1025 2510 which

366 2528 488 2554 cannot
505 2522 696 2567 accurately
709 2523 751 2555 be
768 2523 889 2555 known
908 2529 941 2556 at
959 2523 1027 2556 this

367 2566 441 2611 day,
459 2568 603 2600 because
630 2567 697 2601 this
725 2580 799 2601 new
825 2580 923 2602 name
951 2569 979 2601 is
1007 2581 1026 2601 a

366 2618 516 2657 stranger
556 2619 589 2645 to
630 2613 674 2646 all
715 2614 849 2646 ancient
892 2615 1025 2658 maps.'’

368 2658 460 2703 Holy
480 2658 574 2701 VVar,
594 2659 642 2692 iii.
671 2662 704 2693 4.
767 2660 853 2692 Ran.
879 2660 1025 2704 Hygden

364 2704 446 2737 calls
470 2705 495 2736 it
522 2704 613 2737 Gula
637 2705 814 2744 Sathanoe;
840 2706 873 2738 in
905 2706 1024 2750 Twys-

364 2749 439 2792 (len,
460 2751 504 2783 X.
523 2751 644 2795 Script.
664 2753 765 2784 2399.

410 2797 421 2815 ³
446 2797 508 2829 See
527 2796 637 2841 Ralph
657 2796 877 2841 Coggeshale,
897 2797 1023 2831 Chron.

1093 2385 1192 2419 horse
1232 2386 1303 2418 into
1340 2387 1397 2419 the
1434 2392 1547 2428 water,
1583 2387 1649 2420 and
1689 2399 1757 2420 was

1093 2431 1261 2466 drowned.
1311 2432 1446 2476 Having
1470 2432 1556 2465 been
1583 2433 1695 2466 drawn
1722 2439 1757 2466 to

1092 2477 1180 2520 land,
1200 2478 1256 2511 the
1275 2478 1358 2511 flesh
1377 2490 1443 2511 was
1470 2478 1644 2523 separated
1670 2479 1755 2512 from

1092 2523 1149 2556 the
1182 2524 1286 2557 bones
1319 2525 1365 2569 by
1392 2524 1521 2568 boiling
1551 2530 1664 2567 water,
1689 2525 1755 2558 and

1091 2569 1209 2603 buried
1233 2576 1267 2603 at
1292 2570 1459 2611 Antioch;
1486 2570 1551 2603 and
1574 2571 1626 2603 his
1652 2570 1756 2603 bones

1093 2616 1220 2648 carried
1251 2622 1284 2648 to
1314 2617 1414 2660 Tyre.
1434 2616 1485 2650 Ib.
1536 2617 1568 2649 A
1593 2616 1757 2650 lamenta-

1092 2661 1172 2703 tion,
1192 2662 1421 2706 uncxanipled
1440 2663 1473 2695 in
1491 2662 1549 2694 the
1579 2662 1697 2695 annals
1723 2663 1760 2695 of

1091 2706 1230 2752 history,
1252 2719 1318 2741 was
1344 2709 1442 2741 made
1460 2708 1510 2741 for
1526 2708 1579 2741 his
1602 2708 1683 2751 loss,
1701 2720 1755 2742 ac-

1090 2753 1228 2797 cording
1245 2760 1279 2787 to
1298 2754 1349 2787 Dc
1364 2754 1538 2796 Vinesauf,
1558 2754 1602 2788 ib.
