1908 3135
262 230 410 286 APP¹.]
580 240 643 271 DE
677 238 1027 271 INSTRUOTIONE
1063 238 1346 270 PRINCIPUM.
1572 230 1649 270 201

265 354 390 393 super
429 338 662 392 inspirante
702 337 885 378 favorem
918 336 963 376 in
1004 343 1134 376 tantae
1174 336 1452 390 plenitudinis
1481 336 1654 390 gloriam

264 405 520 455 fecundavit,
564 405 678 459 quod
717 419 741 444 a
782 412 971 458 tempore
1013 403 1168 452 Caroli,
1209 403 1372 457 filiique
1414 405 1478 443 sui
1515 404 1657 444 Ludo-

265 472 345 513 vici
384 472 525 526 primi,
565 473 609 512 in
660 478 818 512 statum
864 479 950 512 tam
991 471 1194 510 eximium
1246 477 1462 524 tantaeque
1511 472 1658 525 ampli-

265 539 426 580 tudinis
457 539 633 580 titulum
665 538 854 579 Franciae
894 552 1073 591 regnum
1111 552 1196 577 non
1233 538 1433 578 excrevit.
1496 538 1658 579 Praeter

267 621 385 660 spem
416 614 558 646 autem
589 606 684 646 ideo
717 605 916 654 diximus,
955 603 1055 658 quia
1096 618 1191 644 cum
1227 605 1278 644 de
1316 604 1477 645 duabus
1513 607 1658 645 uxori-

267 673 347 713 bus
386 673 546 728 primis,
590 671 855 713 Pictavensi¹
907 671 1067 711 scilicet
1107 677 1150 711 et
1201 670 1503 725 Hispaniensi2
1551 673 1658 713 filias

269 748 435 781 tantum
457 740 722 794 suscepisset,
743 739 788 779 in
818 745 1035 778 senectute
1059 753 1134 779 sua
1166 739 1333 779 tertiam
1365 739 1488 780 istam
1519 741 1657 781 omine

268 808 383 849 felici
405 808 534 848 duxit
552 822 744 848 uxorem.

327 876 394 915 De
444 875 614 928 regibus
664 882 808 914 autem
859 872 1098 926 Anglorum
1147 873 1321 923 ultimis,
1374 874 1659 914 Normannica

270 942 430 983 scilicet
469 942 599 995 stirpe
630 941 875 995 progenitis,
916 940 994 980 hoc
1034 953 1297 994 compertum
1337 942 1503 991 habeas,
1547 942 1660 996 quod

271 1010 389 1064 quasi
420 1025 494 1064 per
525 1009 724 1062 hysteron
756 1015 970 1061 proteron,
1004 1007 1235 1061 ordineque
1276 1017 1536 1063 praepostero
1567 1024 1660 1062 per-

271 1092 355 1131 que
386 1091 560 1117 suorum
596 1075 733 1115 caedes
764 1075 1115 1129 propinquorum,
1147 1075 1337 1129 publicas
1367 1076 1433 1115 vel
1464 1075 1661 1124 occultas,

270 1160 446 1199 regnare
486 1143 678 1198 plerique
721 1150 958 1197 coeperunt,
1001 1143 1201 1196 quodque
1240 1143 1441 1197 perpauci
1491 1142 1661 1182 illorum

270 1212 475 1252 hactenus
495 1211 676 1251 feliciter
697 1220 772 1251 aut
791 1211 1007 1250 fortunate
1030 1210 1322 1251 discesserunt.

900 1419 1038 1459 XIII.

429 1529 495 1569 De
517 1528 726 1568 Scotorum
739 1525 1002 1580 principibus
1024 1524 1220 1578 reliyz'one
1241 1523 1481 1576 conspicuis.

330 1630 577 1669 SCOTORUM
595 1635 737 1668 autem
758 1625 982 1681 principes,
1002 1624 1077 1678 qui
1095 1631 1137 1664 et
1158 1623 1299 1676 Reges
1317 1622 1529 1670 dicuntur,
1552 1621 1660 1661 sicut
1678 1635 1800 1675 xyjuiam

271 1704 314 1737 et
355 1696 576 1750 Hispaniae
608 1694 833 1749 principeS,
866 1692 940 1746 qui
979 1706 1055 1731 nec
1097 1689 1286 1730 coronari
1319 1696 1457 1728 tamen
1489 1669 1821 1728 0011sue-{33352‘12sa

271 1771 418 1804 verant
446 1778 522 1803 nec
558 1762 721 1816 inungi,
758 1762 888 1801 bonos
921 1759 1092 1812 quidem
1128 1765 1171 1797 et
1200 1763 1362 1796 sanctos
1389 1755 1518 1795 fuisse
1552 1755 1663 1794 fama

272 1831 490 1885 praedicat,
523 1837 566 1870 et
597 1843 778 1883 quorum
809 1826 1058 1873 bonitatem,
1091 1824 1165 1878 qui
1195 1823 1347 1863 nostris
1374 1823 1522 1863 diebus
1554 1837 1662 1875 prae-

271 1898 369 1947 fuit,
401 1913 484 1938 non
517 1897 710 1950 denigrat
740 1895 839 1935 Rex
870 1893 1128 1932 Willelmus.
1210 1891 1295 1931 Hic
1328 1890 1484 1930 etenim
1516 1904 1663 1942 quam-

274 1980 401 2018 quam
436 1963 698 2019 juvenilibus
738 1961 858 2002 annis
897 1960 1110 2000 interdum
1146 1957 1394 2013 juveniliter
1433 1971 1572 2009 agens,
1621 1963 1664 1995 et

273 2040 412 2072 motus
460 2032 594 2071 carnis
634 2030 686 2070 ad
734 2029 908 2084 plenum
957 2041 1042 2067 non
1090 2026 1332 2072 refraenans,
1381 2022 1664 2063 sensualitatis

272 2099 456 2139 insultus
496 2098 658 2138 ratione
698 2095 856 2150 praevia
900 2101 942 2134 et
989 2093 1244 2147 praevalente
1291 2106 1375 2132 non
1421 2091 1661 2138 cohiberet3

272 2180 437 2205 morum
459 2173 600 2205 tamen
629 2163 917 2204 maturitatem
940 2170 983 2201 et
1003 2168 1265 2200 venustatem
1287 2158 1411 2199 simul
1432 2173 1525 2198 cum
1547 2157 1664 2196 annis

273 2247 467 2287 processu
491 2230 692 2284 temporis
711 2229 903 2276 induens,
934 2234 976 2267 et
1005 2227 1063 2266 sic
1095 2233 1268 2266 aetatum
1301 2225 1358 2265 sic
1385 2232 1427 2264 et
1457 2224 1662 2263 virtutum

273 2299 472 2353 gradibus
512 2297 692 2337 feliciter
732 2295 972 2342 ascendens,
1010 2293 1175 2346 abjecto
1214 2291 1344 2331 veteri
1386 2290 1566 2339 homine,
1608 2305 1663 2330 cx

275 2374 365 2407 toto
387 2380 520 2405 novus
541 2364 717 2404 effectus
739 2370 781 2402 et
812 2362 856 2401 in
878 2361 1011 2400 virum
1035 2359 1211 2399 alterum
1229 2360 1315 2413 jam
1344 2364 1544 2406 mutatus,
1567 2371 1663 2396 cum

274 2433 449 2473 lenitate
494 2430 619 2471 simul
657 2436 700 2469 et
738 2426 1078 2474 mansuetudine,
1120 2440 1213 2465 cum
1255 2425 1456 2477 religione
1498 2439 1661 2476 magna,

276 2508 318 2540 et
351 2514 448 2552 erga
472 2498 612 2538 Deum
650 2495 925 2547 ecclesiaeque
958 2508 1084 2533 sacrae
1122 2492 1284 2532 cultum
1313 2492 1457 2544 grandi
1491 2500 1533 2531 et
1566 2491 1660 2545 jugi

277 2566 515 2614 devotione,
541 2564 903 2616 eleemosynarum
934 2575 1105 2613 quoque
1128 2559 1169 2599 in
1198 2573 1403 2612 pauperes
1425 2558 1659 2611 largitione,

276 2634 386 2687 pius,
419 2631 618 2686 providus
639 2638 679 2670 ct
710 2628 922 2682 pacificus,
949 2627 1117 2681 justitia
1142 2627 1300 2679 ubique
1332 2641 1425 2665 cum
1459 2625 1660 2678 {equitate

570 2755 579 2775 ¹
608 2754 754 2788 Elianor.
943 2751 949 2797 Ι
1131 2751 1142 2769 ²
1168 2752 1366 2784 Constanee.
