1908 3135
338 270 392 307 40
751 276 991 308 GIRALDUS
1026 252 1325 307 CAMBRENSIS

899 454 1004 495 CAP.
1028 453 1166 495 XIII.

342 543 559 584 Revelatio
595 544 720 584 militi
753 543 802 583 de
844 543 1070 583 Li7zcolnioe
1094 543 1268 596 finibus,
1302 543 1465 596 Royero
1499 540 1657 581 seilicet
1688 540 1737 580 de

868 610 1061 664 Estreby,
1073 611 1211 663 facta.

122 715 279 781 {1323ngss
294 713 324 740 Οἱ
402 710 545 750 CIRCA
575 709 666 750 haec
687 710 833 750 eadem
865 717 1068 764 tempora,
1097 709 1170 749 sed
1200 708 1328 763 paulo
1362 715 1471 762 post,
1493 706 1620 748 militi
1650 706 1739 746 cui-

124 782 209 814 treby-
344 778 438 818 dam
457 778 507 817 de
529 777 765 818 Lincolniae
786 777 978 832 partibus
1003 777 1071 817 cui
1091 791 1245 817 nomen
1265 776 1461 831 Rogerus
1482 776 1532 816 de
1554 774 1739 827 Estreby

343 845 543 886 revelatio
574 844 685 884 facta
716 844 810 884 talis
838 844 933 884 fuit.
1010 844 1118 884 Cum
1152 843 1234 883 iter
1261 841 1477 896 [faciebat]
1506 842 1549 882 in
1577 854 1738 894 campo,

344 912 471 961 solus,
487 911 648 951 audivit
663 926 807 951 vocem
827 912 1029 965 majorem
1046 917 1088 950 et
1107 916 1256 964 postea
1268 909 1486 957 minorem,
1507 908 1626 962 quasi
1644 923 1740 948 con-

345 985 548 1018 testantes
579 976 624 1016 111
649 977 761 1017 1(10111
790 983 832 1016 et
860 977 1045 1017 dicentes
1083 976 1119 1016 ei
1155 976 1270 1029 quod
1305 975 1387 1015 iret
1416 974 1659 1015 Londonias
1690 974 1741 1014 ad

346 1044 650 1098 Archiepiscop
657 1059 724 1084 um
737 1043 1084 1084 Cantuariensem
1095 1042 1402 1091 Baldewinum,
1413 1049 1456 1082 et
1468 1041 1741 1095 Ranulphum

348 1112 397 1151 de
431 1110 654 1151 Glanvillis
685 1117 785 1150 tunc
812 1109 984 1164 Angliae
1006 1110 1032 1149 J
1036 1109 1310 1158 usticiarium,
1341 1116 1384 1149 et
1410 1109 1568 1149 diceret
1596 1108 1655 1148 eis
1687 1123 1742 1147 ex

347 1185 465 1232 parte
488 1177 571 1218 Dei
591 1184 640 1217 ut
662 1178 803 1217 statim
825 1178 1146 1218 transfretarent
1173 1177 1224 1217 ad
1246 1177 1409 1229 Regem
1433 1176 1668 1216 Henricum
1701 1181 1744 1214 et

348 1246 536 1285 dicerent
554 1244 591 1285 ei
614 1244 728 1297 quod
745 1257 820 1284 V11.
836 1244 1031 1284 mandata
1051 1243 1294 1297 compleret,
1311 1258 1407 1296 quae
1430 1243 1468 1282 ei
1490 1242 1741 1293 mandabat3

350 1320 393 1353 et
414 1312 448 1352 si
478 1313 556 1352 1100
577 1311 748 1361 faceret,
770 1312 999 1351 honorifice
1023 1326 1098 1364 per
1121 1311 1388 1364 septennium
1408 1310 1567 1350 viveret
1589 1315 1631 1349 et
1651 1324 1744 1350 cru-

350 1396 439 1421 cem
458 1379 615 1420 Christi
634 1379 684 1419 de
706 1379 886 1419 inimicis
907 1378 1040 1432 ipsius
1061 1377 1338 1432 perquireret,
1359 1384 1401 1417 et
1418 1377 1545 1417 vitam
1563 1376 1745 1416 feliciter

352 1447 608 1488 terminaret.
670 1446 878 1499 Alioquin
909 1460 994 1485 non
1026 1445 1138 1485 ultra
1160 1451 1342 1498 quatuor
1372 1459 1502 1484 annos
1522 1444 1681 1484 viveret
1702 1450 1745 1484 et

350 1514 625 1568 ignominiose
646 1523 892 1554 moreretur.
955 1513 1051 1567 Ipse
1072 1527 1168 1552 vero
1196 1518 1351 1565 putans
1380 1511 1628 1565 phantasma
1658 1526 1746 1551 esse

350 1582 468 1635 signo
490 1582 624 1621 crucis
655 1597 697 1622 se
718 1581 912 1630 munivit,
936 1587 978 1620 et
999 1579 1213 1620 diabolum
1241 1586 1288 1619 ut
1318 1580 1370 1619 ab
1401 1579 1492 1633 ipso
1515 1578 1748 1618 discederet

351 1649 570 1702 adjuravit.
634 1648 723 1702 Ipsi
752 1663 847 1688 vero
881 1662 1064 1701 quorum
1088 1662 1208 1687 voces
1243 1646 1524 1686 audiebantur
1555 1660 1576 1685 e
1602 1652 1747 1685 contra

351 1716 559 1764 dicebant,
583 1731 626 1755 se
649 1731 703 1756 ex
734 1722 852 1769 parte
875 1715 959 1755 Dei
981 1730 1094 1764 esse;
1128 1721 1171 1754 et
1192 1728 1287 1753 cum
1316 1713 1551 1767 inquireret
1572 1712 1746 1765 quinam

352 1790 503 1832 essent,
537 1783 732 1822 dicebant
764 1782 877 1835 quod
917 1781 1069 1822 Petrus
1101 1788 1144 1821 et
1180 1780 1356 1821 Gabriel
1391 1787 1523 1821 erant.
1586 1779 1750 1819 Multo-

355 1850 461 1890 tiens
486 1849 648 1889 audivit
670 1864 739 1889 eos
763 1849 842 1888 hoc
865 1848 977 1888 idem
1006 1854 1302 1902 protestantes,
1333 1847 1405 1888 sed
1424 1847 1552 1888 fidem
1574 1847 1632 1887 eis
1663 1860 1748 1886 non

353 1917 560 1957 adhibuit.
635 1916 824 1956 Tandem
860 1922 1003 1956 autem
1034 1931 1129 1955 cum
1159 1916 1247 1969 jam
1278 1930 1354 1969 per
1385 1930 1541 1954 annum
1563 1921 1606 1954 et
1628 1913 1750 1954 dimi-

355 1985 471 2024 dium
503 1984 581 2024 hoc
614 1984 816 2033 durasset,
855 1983 920 2023 die
955 1983 1071 2023 Jovis
1103 1990 1200 2022 ante
1237 1982 1426 2022 Mediam
1467 1980 1751 2034 Quadragesi-

356 2066 465 2091 mam
504 2051 581 2090 ivit
619 2051 759 2091 videre
800 2064 966 2090 carneas
1007 2064 1116 2098 suas,
1149 2056 1191 2088 et
1226 2049 1387 2088 audivit
1422 2063 1542 2088 voces
1582 2048 1674 2088 illas
1707 2047 1752 2087 id

356 2119 495 2172 ipsum
512 2118 549 2157 ei
569 2117 853 2171 injungentes.
906 2116 1134 2169 Rogabant
1151 2122 1194 2155 et
1212 2116 1326 2168 quod
1347 2130 1542 2169 aggerem
1558 2115 1750 2155 fabarum

359 2200 485 2238 quem
521 2185 704 2224 habebat
732 2191 774 2223 et
800 2198 875 2237 pro
914 2196 987 2222 xv.
1009 2183 1156 2222 marcis
1177 2182 1365 2222 venalem
1401 2189 1669 2235 exposuerat,
1693 2181 1753 2221 eis

359 2252 556 2291 venderet
595 2250 937 2305 pauperibusque
979 2249 1266 2297 distribueret,
1300 2248 1405 2301 (erat
1437 2249 1549 2289 enim
1587 2256 1752 2301 tempus

360 2319 534 2372 carum,)
557 2326 599 2359 et
620 2318 700 2372 ipsi
726 2317 763 2357 ei
793 2331 836 2358 X.
859 2330 1016 2357 marcas
1046 2316 1143 2370 plus
1165 2316 1312 2356 darent
1333 2331 1459 2369 quam
1491 2315 1596 2355 alius
1618 2315 1656 2354 ei
1681 2315 1754 2354 ob-

364 2387 540 2427 tulisset.
602 2385 662 2426 Et
683 2385 810 2425 etiam
839 2384 1010 2424 loricam
1033 2397 1150 2424 suam
1172 2397 1298 2436 quam
1319 2383 1437 2423 valde
1459 2397 1594 2423 caram
1621 2382 1756 2422 habu-

363 2462 451 2494 erat
482 2454 804 2508 impignoratam
837 2452 951 2506 apud
972 2452 1116 2491 Aaron
1147 2450 1348 2490 Judaeum
1382 2450 1504 2503 eique
1540 2449 1757 2503 perquile-

362 2529 457 2561 rent
474 2537 484 2570 ;
506 2528 548 2561 et
566 2535 692 2573 quam
713 2519 810 2559 inde
827 2518 1095 2558 securitatem
1117 2517 1271 2557 habere
1290 2517 1416 2558 vellet
1436 2517 1698 2569 excogitaret
1715 2522 1757 2555 et

365 2587 549 2628 facerent
571 2587 622 2626 ei.
686 2586 782 2640 Ipse
805 2600 901 2625 vero
934 2592 1033 2624 tunc
1068 2584 1252 2638 primum
1285 2584 1398 2638 quod
1435 2598 1490 2624 ex
1521 2590 1640 2636 parte
1673 2582 1757 2621 Dei

365 2670 452 2695 csse
483 2660 667 2708 possent,
692 2652 792 2706 quia
813 2652 862 2691 de
894 2652 1152 2705 pauperibus
1175 2666 1272 2691 cura
1303 2651 1403 2705 ipsis
1424 2657 1526 2699 erat,
1550 2651 1757 2703 conjecta-

367 2723 450 2761 bat.
512 2721 571 2760 Et
592 2735 686 2760 cum
709 2733 932 2773 parumper
964 2718 1061 2758 inde
1083 2718 1319 2771 cogitasset,
1342 2718 1454 2757 dixit
1487 2717 1558 2765 eis,
1584 2717 1697 2770 quod
1724 2717 1757 2756 si

364 2804 469 2828 crux
492 2788 685 2841 qtuedam
708 2787 750 2826 in
774 2785 961 2826 Ecclesia
991 2785 1171 2839 quadam
1202 2786 1430 2839 provincia:
1462 2800 1549 2825 suae
1577 2799 1672 2837 quae
1705 2785 1756 2823 ab
