1908 3135
430 262 484 303 36
838 272 1077 305 GIRALDUS
1112 272 1409 305 oAMBRENffls

430 379 554 413 tenus
584 372 716 425 magis
737 372 942 422 addictus,
965 388 1092 427 quam
1113 373 1290 423 militiis,
1310 371 1469 413 deliciis
1492 385 1621 425 quam
1642 369 1828 418 duritiis3

432 439 574 479 veneri
596 454 722 493 quam
742 440 905 488 virtuti,
931 440 1131 494 [juvenili
1160 440 1321 493 quippe
1342 438 1474 491 magis
1496 438 1632 478 adhuc
1653 436 1829 483 levitati,

434 521 561 560 quam
575 506 686 546 virili
702 521 785 560 quo
799 507 986 547 nondum
1000 506 1172 559 attingit
1184 504 1472 558 matu1·itati.¹]
1508 504 1588 544 Illa
1600 503 1831 558 plurimum

435 573 691 613 exercitatus
722 573 883 613 malitia
920 588 1004 627 qua
1038 573 1193 614 militat
1228 572 1363 612 omnis
1396 586 1561 621 a1nans3
1598 585 1674 624 per
1706 584 1833 623 quam

436 647 479 680 et
498 640 623 681 bonae
656 640 805 680 indolis
835 641 1121 681 adolescentes
1151 641 1203 681 ad
1229 646 1429 680 armatam
1453 639 1703 693 plerumque
1725 636 1834 676 mili-

435 706 539 747 tiam
568 707 741 746 animari
761 707 910 756 solent,
934 714 977 747 et
997 722 1020 746 a
1040 706 1262 760 Cupidinis
1284 706 1428 746 castris
1449 706 1500 745 ad
1522 703 1705 744 Palladis
1726 708 1833 743 artes

437 780 481 813 et
501 788 614 814 arces
637 774 867 814 sublimari.
927 774 1047 814 Sicut
1068 788 1166 827 ergo
1196 772 1340 813 viridis
1366 771 1606 826 juventutis
1634 771 1756 818 suae,2
1777 769 1834 808 sic

437 846 481 880 et
501 841 771 894 sequentium
804 847 981 881 aetatum
1007 841 1107 894 jura
1134 846 1349 892 sequetur.
1412 838 1536 878 Unde
1565 844 1607 876 et
1636 836 1834 890 quoniam

440 910 466 928 “
483 922 568 946 non
588 908 733 947 lusisse
756 908 902 961 pudet,
925 908 997 947 sed
1018 921 1102 946 non
1125 906 1307 946 incidere
1328 904 1517 953 ludum‚’'
1536 903 1736 958 juvenilis
1763 918 1835 942 exa

439 974 634 1014 cusabilis
662 980 725 1013 est
756 973 917 1022 levitas,
940 988 1036 1013 cum
1064 972 1287 1012 laudabilis
1314 971 1446 1011 fuerit
1474 971 1565 1024 ipsa
1591 969 1834 1017 maturitas3

440 1048 539 1080 tunc
559 1040 695 1094 primo
714 1047 778 1080 est
796 1039 1065 1094 inculpabilis
1085 1046 1200 1087 zetas,
1220 1054 1316 1078 011111
1337 1037 1448 1077 ludis
1468 1043 1634 1091 ponunt
1650 1043 1839 1089 tempora

440 1114 583 1147 metas.
646 1106 725 1147 Ille
752 1114 952 1161 tanquam
983 1107 1105 1146 arbor
1135 1106 1179 1145 in
1205 1105 1387 1145 radicem
1418 1119 1553 1144 ramos
1578 1109 1837 1151 convertens,

439 1174 597 1214 radices
616 1174 751 1214 facere
767 1174 871 1214 altas
888 1173 1082 1227 nequivit
1097 1189 1106 1221 ;
1129 1172 1305 1212 ultimus
1321 1171 1388 1211 hic
1406 1171 1585 1211 fratrum
1601 1170 1661 1223 (et
1676 1170 1838 1209 utinam

442 1242 613 1281 futurus
634 1241 792 1281 virtute
816 1255 901 1281 non
929 1238 1160 1291 ultimust)
1183 1238 1355 1291 utrique
1380 1238 1545 1291 parenti
1566 1237 1654 1277 fere
1676 1250 1840 1290 semper

444 1309 754 1362 obtemperans,
786 1307 1005 1360 longaevus
1037 1306 1081 1345 in
1112 1305 1234 1345 terris
1266 1311 1309 1344 et
1337 1304 1443 1343 felix
1473 1319 1560 1344 esse
1588 1302 1837 1357 promeruit.

447 1375 601 1430 [Cujus
624 1375 751 1415 etiam
769 1374 1041 1427 descriptioni
1059 1373 1279 1426 vulgatum
1299 1371 1406 1411 illud
1428 1370 1601 1411 Merlini
1624 1368 1840 1409 Ambrosii

446 1441 690 1482 vaticinium
712 1440 762 1481 de
784 1441 870 1489 illo,
894 1441 968 1494 qui
991 1440 1214 1481 Hiberniae
1236 1439 1395 1479 moenia
1415 1439 1632 1477 subvertet
1653 1437 1811 1476 dictum
1830 1451 1837 1475 :

445 1508 608 1548 utinam
644 1509 701 1549 sic
728 1523 823 1548 vere
856 1514 1057 1547 consonet
1088 1506 1198 1546 sicut
1233 1512 1276 1546 et
1295 1504 1578 1546 verisimiliter
1614 1517 1840 1543 consonare

444 1575 624 1616 videtur.
687 1578 713 1596 “
732 1574 1036 1628 Principizcm,”
1068 1573 1224 1627 inquit,
1260 1573 1400 1625 “ejzes,
1430 1586 1532 1624 vasso
1557 1571 1722 1624 effectui
1753 1584 1842 1609 secc-

446 1643 614 1691 cumbet,
637 1642 788 1695 etfinis
810 1641 865 1680 acl
883 1655 1046 1694 superos
1068 1639 1381 1693 convolabit,'’³]

503 1709 579 1749 Dii
613 1709 728 1757 boni,
763 1709 795 1748 si
833 1707 939 1748 tanti
972 1708 1121 1747 fratres
1151 1707 1341 1747 fraterno
1375 1722 1417 1747 se
1453 1706 1632 1746 invicem
1666 1704 1841 1753 foedere,

446 1776 649 1830 filialique
701 1776 855 1816 affectu
909 1782 1073 1829 patrem
1124 1774 1201 1814 filii
1257 1774 1553 1828 respexissent,
1599 1772 1842 1826 duplicique

447 1851 533 1884 tam
562 1843 870 1883 benevolentiae
901 1857 1027 1895 quam
1058 1848 1222 1881 naturae
1251 1841 1417 1881 vinculo
1448 1840 1609 1880 astricti
1639 1840 1841 1888 fuissent3

449 1918 607 1964 quanta
638 1917 680 1950 et
711 1925 837 1963 quam
867 1908 1188 1957 inaestimabilis‚
1213 1923 1339 1961 quam
1371 1907 1530 1961 inclyta
1561 1913 1604 1946 et
1634 1906 1845 1959 incompa-

447 1977 591 2017 rabilis
615 1977 659 2016 in
694 1992 829 2016 aevum
853 1983 896 2016 et
924 1976 1053 2030 patris
1084 1976 1234 2015 fuisset
1257 1975 1388 2028 gloria
1415 1981 1457 2015 et
1487 1973 1617 2028 prolis
1641 1973 1841 2013 victoria!

451 2043 489 2084 Ο
531 2059 657 2097 quam
697 2044 823 2096 digna
861 2042 1062 2083 memoria
1098 2049 1141 2082 et
1180 2042 1370 2081 Maronis
1410 2041 1579 2094 ingenio
1613 2040 1738 2093 digne
1772 2054 1846 2079 ex-

450 2110 643 2164 plicanda
681 2110 881 2150 historia!
965 2108 1177 2150 Quaenam
1221 2109 1354 2148 virtus
1402 2108 1467 2148 his
1509 2106 1684 2156 viribus,
1721 2107 1846 2160 quive

451 2191 571 2230 reges
612 2176 676 2216 his
716 2176 900 2230 regibus,
942 2175 1155 2229 tantisque
1203 2174 1305 2214 belli
1350 2173 1528 2214 ducibus
1573 2188 1670 2226 quae
1718 2188 1848 2226 regna

452 2244 724 2284 resisterent?
803 2242 875 2282 Ad
931 2248 1060 2282 tantae
1107 2241 1276 2282 virtutis
1331 2240 1579 2280 exercendae
1630 2240 1847 2280 materiam

453 2307 637 2347 mundus
690 2306 779 2360 ipse
829 2306 966 2346 minor
1012 2313 1075 2346 est
1097 2323 1106 2355 3
1158 2306 1210 2345 ad
1251 2304 1519 2358 explicandos
1572 2304 1848 2357 triumphales

455 2380 585 2414 tantae
625 2372 792 2413 virtutis
833 2372 994 2422 titulos,
1047 2379 1171 2412 terrae
1211 2371 1452 2426 superficies
1498 2386 1583 2411 non
1623 2370 1846 2411 sufficeret.

456 2441 508 2482 In
540 2446 747 2494 quantum
778 2439 909 2493 igitur
941 2445 984 2479 et
1006 2454 1132 2493 quam
1159 2439 1337 2479 arduum
1357 2437 1501 2487 robur,
1524 2437 1648 2478 ramis
1679 2444 1848 2477 natura-

454 2507 552 2547 liter
581 2507 661 2547 sibi
695 2506 1020 2554 cohaerentibus,
1054 2520 1311 2560 succumque
1351 2521 1374 2546 a
1406 2505 1537 2559 stirpe
1571 2504 1846 2551 trahentibus,

505 2654 511 2672 ¹
540 2652 688 2686 Juvenal
706 2678 712 2685 .
734 2678 740 2685 .
762 2678 768 2684 .
789 2677 795 2685 .
814 2651 1011 2684 maturitati.
1039 2651 1117 2684 O1n.
1232 2652 1246 2672 3
1274 2651 1376 2696 Cujus
1407 2677 1414 2684 .
1434 2677 1440 2684 .
1461 2677 1468 2684 .
1490 2676 1497 2683 .
1527 2648 1722 2683 convolabit.
1769 2647 1845 2681 Om.

458 2699 533 2732 Ms.
1187 2697 1262 2729 MS.

504 2745 516 2762 ²
540 2744 633 2777 Sicut
650 2768 658 2777 .
679 2768 685 2776 .
705 2769 711 2775 .
733 2768 740 2776 .
761 2753 832 2775 suae.
883 2742 976 2774 Sicut
1002 2741 1117 2775 viridis

459 2790 590 2823 vivente
607 2788 749 2835 propria,
768 2787 843 2820 MS.
