1908 3135
344 292 399 331 48
762 301 1001 333 GTRALDUS
1036 301 1333 334 CAMBRENsls

344 414 576 440 marcarum
603 400 791 454 argenti3
825 401 969 441 domui
992 400 1228 455 Hospitalis
1251 400 1521 454 lerosolymae
1544 399 1734 453 quinque

344 467 475 508 millia
492 482 725 508 marcarum
739 468 902 521 argenti
921 484 930 517 ;
953 468 1005 508 ad
1021 483 1286 508 communem
1303 468 1590 508 defensionem
1609 472 1733 506 terrae

347 534 723 588 Ierosolymitanae,
763 534 953 589 quinque
992 535 1126 575 millia
1163 550 1397 576 marcarum
1436 533 1599 588 argenti
1618 550 1627 583 ς
1659 548 1734 587 per

345 615 516 641 manum
548 609 591 642 et
610 602 743 642 visum
763 601 1067 656 Magistrorum
1100 602 1268 656 Templi
1290 609 1333 642 et
1364 601 1599 656 Hospitalis
1619 600 1734 641 Iero-

345 668 518 722 solymae
558 669 783 718 habendas,
823 676 980 722 praeter
1018 669 1239 723 pecuniam
1279 669 1408 718 illam,
1450 682 1577 722 quam
1616 667 1734 721 prius

345 735 559 788 praedictis
594 736 788 776 domibus
822 735 1009 789 [Templi
1049 743 1091 776 et
1133 735 1404 789 Hospitalis¹]
1445 735 1733 775 commiseram

345 802 663 843 custodiendam
681 820 689 852 3
724 817 850 856 quam
882 803 991 843 dono
1013 802 1205 843 similiter
1226 803 1278 842 ad
1299 802 1586 842 defensionem
1608 809 1732 842 terrae

343 868 476 922 ipsius
516 869 893 923 Ierosolylnitanae,
934 869 1015 909 nisi
1055 884 1145 909 eam
1194 869 1239 908 in
1278 869 1365 909 vita
1404 884 1497 909 mea
1543 875 1734 923 repetere

344 935 529 976 voluero.

403 1004 429 1023 “
447 1002 507 1042 Et
519 1002 610 1042 aliis
624 1002 818 1043 domibus
830 1003 1035 1056 religiosis
1048 1004 1180 1043 totius
1194 1009 1317 1043 terrae
1333 1002 1734 1055 Hierosolymitanae

345 1075 390 1108 et
407 1067 583 1122 leprosis
604 1076 647 1109 et
666 1069 838 1110 inclusis
859 1077 902 1109 et
931 1070 1148 1110 heremitis
1180 1070 1368 1123 ejusdem
1399 1076 1523 1109 terrae
1547 1069 1736 1121 quinque

345 1135 476 1175 millia
504 1150 736 1176 marcarum
757 1137 934 1190 argenti,
967 1137 1209 1176 dividendas
1237 1150 1313 1189 per
1341 1149 1513 1175 manum
1539 1142 1581 1175 et
1600 1135 1734 1174 visum

348 1202 603 1243 Patriarchae
639 1203 908 1256 Ierosolymae
942 1210 984 1243 et
1004 1203 1313 1257 Episcoporum
1344 1209 1468 1242 terrae
1502 1208 1545 1242 et
1576 1202 1736 1255 Magis-

347 1276 508 1309 trorum
531 1269 699 1323 Templi
720 1276 762 1309 et
784 1269 1033 1324 Hospitalis.

405 1339 432 1357 ‘⁶
447 1336 658 1376 Domibus
674 1336 877 1389 religiosis
894 1335 1079 1389 Angliae,
1093 1336 1408 1385 monachorum,
1428 1336 1736 1383 canonicorum,

348 1403 741 1451 sanctimonialium,
765 1402 938 1456 leprosis
959 1410 1001 1442 et
1027 1403 1214 1451 inclusis,
1238 1410 1279 1443 et
1300 1402 1516 1442 heremitis
1548 1403 1734 1456 ejusdem

348 1476 488 1519 terrae,
528 1469 717 1523 quinque
757 1469 912 1509 millia2
950 1483 1108 1509 marcas
1157 1469 1320 1522 argenti
1370 1469 1612 1509 dividendas
1662 1484 1736 1523 per

348 1551 519 1576 manum
570 1543 612 1576 et
650 1536 786 1577 Visum
834 1536 1007 1576 Ricardi
1059 1536 1373 1576 Cantuariensis
1414 1535 1733 1589 Archiepiscopi

350 1610 393 1643 et
431 1602 603 1643 Ricardi
638 1603 959 1652 Wintoniensis,
1002 1610 1044 1644 et
1083 1604 1290 1644 Baldwini
1326 1603 1653 1656 Wigorniensis,
1697 1610 1738 1642 et

350 1669 535 1709 Galfridi
562 1670 771 1724 Elyensis,
803 1677 845 1710 et
871 1670 1075 1710 Johannis
1102 1670 1386 1711 Norwicensis
1412 1670 1736 1724 Episcoporum,

349 1744 392 1777 et
414 1737 634 1791 Ranulphi
656 1737 706 1776 de
725 1736 970 1776 Glaunvilla
985 1737 1208 1791 justitiarii
1227 1736 1413 1789 Angliae.

407 1808 434 1826 “
452 1804 664 1844 Domibus
684 1803 889 1856 religiosis
911 1803 1202 1851 Normanniae,
1225 1803 1538 1851 monachorum,
1570 1803 1738 1843 canoni-

350 1886 507 1920 corum,
528 1870 922 1919 sanctimonialium,
955 1877 998 1910 et
1028 1870 1200 1910 inclusis
1232 1876 1275 1910 et
1314 1870 1529 1910 heremitis
1551 1871 1737 1924 ejusdem

350 1946 474 1979 terrae
496 1939 577 1980 tria
596 1938 729 1979 millia
756 1953 989 1978 marcarum
1019 1937 1182 1991 argenti
1205 1937 1446 1977 dividendas
1472 1951 1547 1991 per
1568 1952 1737 1977 manum

351 2012 394 2045 et
411 2006 546 2046 vismn
568 2005 922 2058 Rothomagensis
944 2004 1280 2058 Archiepiscopi,
1301 2003 1557 2051 BaiocensiS,
1581 2003 1739 2043 Abriw

351 2073 499 2122 censis,
524 2071 735 2124 Sagiensis
757 2078 799 2110 et
820 2070 1089 2110 Ebroicensis
1110 2070 1433 2124 Episcoporum.

409 2143 435 2161 ‘⁶
446 2138 655 2179 Domibus
670 2137 931 2190 leprosorum
945 2137 1133 2189 ejusdem
1150 2143 1273 2176 terrae
1292 2150 1385 2176 CCC.
1403 2152 1562 2176 marcas
1578 2139 1739 2189 argenti

352 2220 426 2260 per
446 2219 617 2245 manum
638 2211 681 2243 et
706 2203 842 2243 visum
862 2203 1162 2256 praedictorum
1184 2202 1441 2243 dividendas.
1478 2203 1740 2244 Monialibus

353 2272 606 2313 Moretaniae
627 2284 664 2311 c.
687 2285 843 2310 marcas
863 2270 1041 2323 argenti.
1104 2269 1365 2309 Monialibus
1385 2270 1434 2310 de
1452 2270 1644 2311 Veilers3
1666 2286 1739 2310 ex-

354 2347 418 2380 tra
437 2340 472 2379 F
474 2338 641 2379 alesiam
664 2351 701 2377 c.
721 2351 877 2376 marcas
898 2336 1074 2390 argenti.

411 2409 437 2428 “
452 2405 663 2446 Domibus
678 2404 883 2457 religiosis
897 2411 1021 2444 terrae
1038 2403 1216 2444 Comitis
1235 2403 1492 2457 Andegaviae
1511 2406 1642 2458 patris
1659 2407 1739 2445 mei

354 2473 560 2527 (exceptis
581 2472 834 2512 monialibus
856 2471 906 2511 de
929 2471 1074 2511 ordine
1096 2471 1243 2511 Fontis
1266 2471 1481 2523 Ebrardi),
1499 2472 1613 2511 mille
1634 2488 1740 2513 mare

356 2541 440 2579 cas4
470 2539 646 2592 argenti,
678 2554 754 2592 per
784 2553 931 2578 manus
969 2538 1277 2591 Episcoporum
1313 2538 1668 2578 Cenomanncnsis
1701 2547 1742 2579 et

357 2605 671 2658 Andegavensis
711 2605 953 2645 dividendas
971 2621 979 2654 3
1030 2604 1131 2658 ipsis
1167 2611 1307 2644 autem
1356 2605 1742 2645 sanctimonialibus

357 2672 504 2714 Fontis
520 2671 701 2711 Ebrardi
716 2678 758 2711 et
771 2671 963 2711 domibus
978 2671 1109 2724 ipsius
1126 2671 1297 2720 ordinis,
1316 2671 1400 2711 duo
1413 2671 1545 2711 millia
1557 2673 1572 2695 ⁵
1586 2686 1741 2712 marca-

403 2758 412 2776 ¹
440 2758 516 2792 Om.
536 2758 611 2791 MS.
753 2757 765 2775 ²
790 2757 868 2790 Om.
887 2757 963 2790 MS.
1129 2758 1140 2776 ⁴
1167 2758 1244 2791 Om.
1272 2757 1346 2790 MS.

402 2803 414 2822 ³
440 2804 560 2837 Julers.
609 2803 803 2836 Gervasius.
1129 2804 1140 2821 ⁵
1170 2803 1272 2836 MM.
1292 2815 1425 2836 marcas.
1478 2803 1631 2837 Foedera.
