1908 3135
145 1457 196 1493 His
209 1456 294 1489 impa-

143 1493 239 1514 txence.

360 273 379 311 1
389 273 409 311 1
418 273 441 312 2
769 275 1008 310 GIRALDUS
1043 275 1342 308 CAMBRENSIS

356 375 588 422 laudabiles
633 379 679 418 in
729 379 844 427 orbe,
893 378 945 418 ad
998 377 1279 424 vindicandas,
1333 375 1442 415 sicut
1492 373 1752 427 sperabatur,

359 447 517 488 Christi
546 446 735 500 injurias,
772 459 1003 498 aggressus,
1031 444 1074 483 in
1096 443 1289 483 exitiales
1323 442 1493 482 demum
1521 441 1602 480 iras
1628 446 1670 479 et
1690 440 1753 479 in-

359 513 594 555 exorabiles
634 512 746 552 inter
783 526 825 551 se
860 518 1010 551 mutuo
1048 509 1287 557 discordias,
1326 515 1412 548 tam
1450 506 1754 547 illaudabiliter

357 581 683 635 expenduntur!
748 578 923 619 Constat
951 576 1081 630 igitur
1103 591 1157 615 ex
1187 575 1414 629 praemissis
1445 574 1611 627 Regem
1634 572 1755 613 Hen-

358 647 491 687 ricum
546 646 666 686 malis
712 645 777 685 his
828 644 1022 684 omnibus
1074 642 1401 697 impedimentis,
1445 655 1618 681 werram
1663 639 1752 679 filio

358 714 562 753 movendo
597 719 640 752 et
672 711 924 752 sententiam
944 710 1210 757 incurrendo,
1233 709 1276 748 in
1297 708 1524 762 propriam,
1546 707 1641 747 Deo
1661 705 1753 746 vin-

359 781 464 829 dice,
486 779 730 833 perniciem,
754 792 897 818 causas
920 777 1143 830 originales
1169 783 1211 815 et
1233 775 1468 815 occasiones
1488 773 1750 827 praestitisse.

360 846 442 886 His
474 847 533 886 ita
551 845 742 899 patratis,
765 843 945 884 induciis
964 858 1040 897 per
1060 841 1263 896 hyemalis
1284 841 1437 895 algoris
1457 839 1752 894 intemperiem

358 927 494 966 usque
516 913 567 951 ad
589 911 749 951 Pascha
770 925 949 963 sequens
971 910 1172 961 utrinque
1196 908 1315 956 datis,
1334 908 1592 948 Francorum
1613 913 1753 946 tamen

359 978 470 1032 Regi
492 978 613 1017 terris
643 977 812 1016 interim
844 983 886 1016 et
917 975 1097 1016 castellis
1129 974 1345 1028 occupatis
1375 974 1417 1014 in
1448 989 1550 1028 pace
1582 989 1754 1014 manen-

359 1044 486 1094 tibus,
510 1045 561 1084 ad
581 1044 751 1098 propria
773 1043 927 1097 singuli
950 1049 1048 1083 sunt
1068 1041 1236 1082 reversi.

949 1179 1053 1219 CAP.
1088 1177 1174 1218 XI.

363 1280 425 1319 De
446 1280 561 1333 Refle
577 1281 761 1320 Henrico
771 1293 852 1332 per
873 1279 1007 1317 omnia
1024 1278 1202 1330 confusa,
1223 1282 1261 1316 et
1280 1277 1396 1316 verbo
1411 1282 1492 1316 tam
1508 1277 1752 1330 apostatico,

445 1347 551 1400 quod
571 1347 887 1400 pudorpariter
908 1351 946 1384 et
967 1345 1081 1384 dolor
1102 1345 1286 1392 extorsit,
1311 1344 1359 1383 ab
1381 1345 1468 1397 ipso
1479 1344 1658 1397 prolato.

415 1443 519 1484 REX
569 1450 710 1483 autem
749 1443 974 1493 Hemicus,
1007 1444 1104 1484 visis
1142 1443 1207 1483 his
1249 1458 1346 1497 quae
1398 1443 1450 1483 ad
1490 1443 1750 1483 confusionis

359 1525 446 1550 suae
477 1510 803 1550 maturationem
826 1511 876 1550 de
909 1511 975 1550 die
1006 1511 1048 1550 in
1072 1511 1181 1550 diem
1205 1511 1336 1564 magis
1367 1510 1617 1558 acciderant,
1642 1509 1753 1549 ultra

358 1592 484 1630 quam
507 1577 619 1617 credi
651 1583 804 1630 potest,
825 1576 951 1616 anxie
973 1577 1130 1625 dolens,
1155 1577 1259 1616 duos
1277 1577 1494 1631 episcopos
1528 1592 1624 1616 suos
1647 1592 1752 1631 quos

356 1645 400 1684 in
432 1644 641 1698 colloquio
672 1658 813 1683 secum
843 1644 1061 1693 habuerat,
1086 1659 1267 1697 quorum
1299 1644 1478 1683 alterum
1510 1659 1533 1684 a
1555 1644 1750 1683 Cartusia

356 1712 592 1766 promoveri
612 1719 922 1766 procuraverat,
942 1712 1223 1752 Baldevinum
1240 1727 1294 1752 sc.
1315 1711 1555 1752 Cantuariae
1574 1711 1751 1751 Archie-

354 1780 574 1834 piscopum
611 1786 653 1818 et
676 1778 906 1832 Hugonem
928 1778 1178 1827 Lincolniae,
1201 1779 1252 1818 ad
1278 1793 1321 1818 se
1342 1778 1384 1817 in
1407 1778 1591 1818 discessu
1611 1777 1749 1818 vocari

351 1847 491 1901 jussit.
555 1845 756 1886 Habebat
778 1846 890 1885 enim
920 1846 963 1885 in
985 1845 1291 1885 consuetudine
1313 1845 1543 1899 episcopos,
1563 1845 1749 1893 abbates,

357 1921 400 1953 et
426 1913 534 1953 viros
568 1913 817 1966 religionem
851 1913 1003 1952 habitu
1034 1912 1323 1966 praeferentes,
1356 1912 1595 1960 monachos,
1627 1911 1753 1951 Tem-

355 1980 523 2034 plarios,
540 1979 865 2033 Hospitalarios,
879 1979 1029 2019 fratres
1047 1980 1096 2019 de
1112 1979 1454 2028 Grandi-monte,
1470 1979 1522 2018 ad
1540 1978 1751 2031 colloquia

357 2062 431 2086 sua
452 2047 788 2096 circumducere3
821 2046 1038 2099 magisque
1070 2046 1259 2099 ipsorum
1282 2061 1408 2099 quam
1439 2045 1625 2085 militum
1657 2060 1753 2085 suo-

355 2129 449 2153 rum
471 2113 654 2153 consiliis
684 2113 763 2161 uti,
788 2113 913 2152 etiam
937 2113 1045 2152 circa
1074 2112 1223 2151 martia
1255 2112 1435 2165 negotia,
1465 2118 1748 2151 consueverat.

358 2180 502 2220 Sciens
516 2179 628 2220 enim
643 2179 758 2232 quod
771 2179 860 2219 viro
879 2179 1074 2232 sapienti,
1089 2179 1218 2232 juxta
1236 2178 1456 2218 Comicum
1474 2178 1592 2227 illud,
1612 2178 1752 2218 omnia

355 2247 581 2300 plusquam
631 2261 743 2286 arma
792 2253 892 2286 sunt
931 2245 1191 2299 temptanda,
1234 2259 1397 2299 semper
1446 2244 1490 2283 in
1536 2245 1750 2298 pacificam

355 2313 677 2353 transactionem
717 2313 851 2352 modis
887 2312 1081 2352 omnibus
1120 2312 1351 2360 laborabat,
1386 2319 1428 2352 et
1459 2311 1572 2365 apud
1609 2311 1750 2352 Lodo-

354 2381 493 2420 vicum
533 2380 790 2419 Francorum
843 2379 1021 2432 Regem,
1064 2378 1139 2432 qui
1189 2385 1231 2419 et
1278 2378 1492 2431 religionis
1532 2386 1752 2418 venerator

355 2447 557 2487 extiterat
597 2454 639 2487 et
676 2447 871 2502 pecuniae
912 2453 1054 2486 tamen
1098 2453 1271 2494 amator,
1311 2445 1461 2486 talium
1510 2445 1751 2486 interventu

354 2529 429 2567 per
460 2513 683 2567 pecuniam
710 2513 970 2567 frequenter,
1002 2513 1130 2552 immo
1162 2512 1248 2552 fere
1281 2526 1458 2566 semper,
1489 2512 1749 2566 proficiebat.

356 2581 570 2620 Adversus
591 2586 735 2619 autem
756 2580 890 2619 filium
912 2579 1101 2633 ejusdem
1125 2579 1375 2632 Philippum
1397 2578 1497 2631 quia
1527 2578 1569 2617 in
1601 2585 1752 2618 neutro

352 2647 552 2700 proficere
573 2653 751 2700 poterat,
774 2646 846 2686 sed
865 2646 1025 2685 viribus
1047 2653 1090 2685 et
1109 2646 1233 2686 armis
1263 2645 1412 2695 solum,
1437 2645 1592 2699 quibus
1613 2645 1750 2698 impar

355 2714 477 2766 longe
499 2714 654 2762 fuerat,
677 2721 719 2753 et
740 2713 897 2766 quibus
917 2713 981 2753 uti
1004 2713 1219 2753 dediscens
1233 2715 1245 2736 ¹
1268 2713 1393 2753 etiam
1415 2713 1459 2752 in
1479 2727 1580 2766 pace
1602 2712 1751 2752 ducem

746 2794 754 2812 ¹
783 2793 867 2826 “i.e.
881 2792 1040 2826 oblivioni
1061 2792 1234 2827 tradens.'’
1252 2793 1362 2837 Marg.
