1908 3135
531 233 594 264 DE
628 231 979 264 INSTRUCTIONE
1014 231 1295 262 PRINCIPUM.
1532 221 1610 260 169

218 331 306 372 lum
329 339 501 387 tamque
523 333 734 387 repletum
757 332 973 386 tyrannica
992 331 1123 385 magis
1147 329 1246 384 [vis]
1272 329 1614 369 Normannorum

219 399 412 449 extorsit,
437 415 564 454 quam
584 400 686 440 ulla¹
709 407 918 440 certorum
940 398 1143 438 fiscalium
1165 397 1407 437 reddituum
1429 396 1616 450 praebuit

217 473 292 506 aut
312 468 478 521 praebet
499 468 627 508 etiam
649 469 699 508 de
721 467 952 508 cervicibus
974 466 1216 519 Anglorum
1236 464 1394 518 pronis,
1418 470 1461 503 et
1481 463 1615 502 modis

219 534 414 575 omnibus
434 535 478 575 in
510 535 818 589 subjectionem
850 541 893 575 et
925 533 1171 573 servitutem
1204 532 1326 580 datis,
1349 538 1392 571 et
1414 530 1616 584 principis

219 601 272 641 ad
310 608 464 642 nutum
514 603 593 642 sub
645 616 901 655 quocunque
956 599 1196 640 discrimine
1250 612 1414 651 semper
1465 597 1616 637 servire

217 669 386 722 paratis.
448 668 635 708 Demum
670 675 813 708 autem
847 673 944 722 post
963 667 1089 706 verba
1120 664 1413 718 hujuscemodi
1448 663 1616 704 silentio

217 735 344 784 facto,
385 736 426 776 in
469 751 704 776 sermonem
751 734 994 789 hujusmodi
1041 734 1141 774 Rex
1180 732 1400 787 prorupit:
1455 730 1618 771 “Inter

219 809 359 844 cetera
377 819 476 844 vero
496 818 626 858 regna
647 804 697 844 de
714 802 893 843 Francia
915 816 1085 856 quoque
1101 801 1163 840 nil
1184 800 1348 840 dicetur
1366 799 1401 839 !”
1445 798 1618 839 Statim-

221 885 304 924 que
325 870 609 925 subjungens3
645 870 747 911 “Et
762 885 837 910 nos
858 876 970 909 certe
991 867 1183 923 panem‚”
1199 867 1355 920 inquit,
1379 866 1618 906 “habemus

220 946 264 980 et
283 940 427 981 vinum
448 947 492 981 et
511 939 753 994 gaudium.”
815 938 900 979 Sed
921 952 1016 978 ecce
1039 951 1165 991 quam
1188 936 1341 977 mirum
1362 935 1446 975 fuit
1475 935 1553 974 hoc
1575 942 1619 975 et

222 1022 348 1061 quam
369 1014 637 1048 mansuetum
659 1007 768 1047 tanti
803 1004 1007 1060 principis
1027 1004 1216 1044 verbum.
1278 1001 1402 1042 Nihil
1432 1001 1545 1042 enim
1566 1002 1616 1042 de

221 1081 434 1114 armatura
467 1073 694 1129 Cisalpina,
718 1080 761 1114 et
793 1071 979 1112 maxime
1014 1070 1246 1119 Gallicana,
1270 1084 1367 1123 quae
1408 1075 1493 1109 tam
1533 1068 1619 1108 for-

220 1140 434 1181 midabilis
478 1141 592 1190 olim,
634 1147 684 1180 ut
721 1139 914 1180 referunt
951 1137 1155 1186 historiae,
1197 1135 1425 1185 Romanis3
1466 1135 1528 1175 nil
1567 1135 1617 1176 de

221 1210 394 1249 strenua
433 1209 690 1249 Francorum
730 1206 897 1255 militia,
930 1206 1051 1259 cujus
1084 1204 1211 1244 etiam
1249 1203 1376 1243 hodie
1412 1202 1618 1242 mundum

224 1276 468 1316 universum
501 1281 730 1329 exsuperat
760 1273 919 1328 gloria3
943 1272 1003 1312 nil
1039 1272 1089 1311 de
1111 1270 1260 1311 ceteris
1281 1269 1425 1310 multis
1448 1269 1619 1323 quidem

222 1351 266 1384 et
299 1343 462 1397 magnis
495 1343 685 1396 ipsorum
716 1348 802 1382 tam
834 1347 1000 1380 naturae
1033 1353 1160 1392 quam
1180 1336 1402 1377 industriae
1426 1336 1544 1376 donis
1574 1351 1620 1376 ac

223 1411 408 1460 dotibus,
450 1410 607 1465 quibus
646 1407 967 1463 incomparabili
1005 1405 1161 1446 virtute
1201 1403 1476 1458 praecellunt3
1524 1403 1622 1457 quia

223 1478 284 1518 nil
318 1484 573 1531 arroganter,
606 1476 667 1516 nil
699 1475 895 1529 superbe,
918 1473 980 1513 nil
1006 1471 1278 1527 jactabunde,
1302 1471 1353 1510 de
1387 1477 1513 1523 gente
1549 1485 1623 1510 sua

224 1545 287 1585 vir
303 1545 400 1599 pius
421 1550 464 1584 et
484 1543 599 1584 mitis
620 1542 814 1583 emittere
834 1540 983 1581 voluit.

283 1612 408 1661 Item,
456 1618 500 1652 et
534 1611 612 1651 hoc
659 1608 943 1664 adjiciendum
980 1606 1048 1647 hic
1084 1621 1173 1647 esse
1208 1605 1388 1654 videtur,
1423 1605 1537 1658 quod
1579 1604 1623 1644 in

225 1680 340 1721 curia
378 1679 493 1732 regia
542 1677 746 1726 Franciae,
787 1675 845 1715 nil
887 1674 1190 1729 pompaticum,
1231 1672 1291 1712 nil
1341 1671 1621 1725 tyrannicum,

226 1748 322 1803 quis
370 1746 564 1787 videbit.2
643 1744 743 1784 Non
787 1743 899 1783 enim
938 1741 1062 1782 armis
1112 1747 1301 1793 tempore
1341 1739 1454 1793 pacis
1494 1738 1624 1778 latera

225 1816 398 1870 stipant,
447 1812 566 1853 exosi
607 1811 765 1865 quippe
811 1824 983 1850 suorum
1023 1808 1166 1856 nullis,
1208 1806 1327 1860 diligi
1366 1805 1499 1859 magis
1536 1820 1624 1845 me-

225 1891 373 1924 rentur
404 1896 426 1921 a
452 1879 626 1928 cunctis,
650 1893 725 1918 nec
747 1877 874 1917 etiam
895 1876 1022 1929 virgis
1053 1881 1126 1915 aut
1155 1873 1315 1914 baculis
1348 1872 1622 1926 querulorum

227 1967 250 1991 a
271 1966 312 1991 se
333 1964 408 2004 per
429 1946 690 1988 marescallos
711 1952 754 1986 et
772 1944 986 1984 ministros
1007 1948 1151 1982 arcent
1171 1955 1373 1981 accessus.

287 2018 337 2058 In
370 2022 571 2071 promptu
604 2027 786 2066 namque
820 2018 883 2052 est
914 2010 976 2050 ibi
1006 2009 1190 2063 justitia,
1226 2008 1326 2061 quia
1354 2007 1496 2047 statim
1530 2006 1624 2060 qui-

228 2087 323 2126 dem
346 2091 389 2124 et
418 2082 547 2137 gratis
579 2080 784 2128 exhibita,
806 2092 892 2118 non
911 2077 1069 2117 venalis
1106 2083 1154 2115 ut
1185 2075 1299 2124 alibi,
1319 2074 1478 2127 vilique
1514 2088 1624 2113 com-

227 2152 384 2194 mercio
418 2150 497 2190 sub
539 2147 765 2188 Giezetico
806 2144 959 2185 scelere
993 2141 1289 2183 damnabiliter
1325 2140 1543 2194 exposita3
1582 2147 1625 2179 et

229 2232 474 2274 quanquam
494 2230 559 2255 res
590 2222 676 2254 tam
706 2212 891 2266 pretiosa
921 2218 1093 2263 tamque
1125 2208 1286 2255 deifica,
1310 2207 1508 2260 quoniam
1530 2206 1624 2246 Deo

229 2282 598 2328 consubstantialis
639 2287 683 2320 et
721 2285 946 2326 coaeterna,
993 2282 1111 2316 tanto
1152 2289 1248 2314 cum
1288 2273 1490 2313 dedecore
1529 2287 1626 2326 pro-

230 2354 394 2402 stituta,
419 2351 469 2392 de
492 2349 558 2390 die
582 2356 722 2389 tamen
742 2346 785 2386 in
808 2345 919 2385 diem
941 2342 1056 2397 gravi
1077 2356 1243 2396 semper
1263 2355 1359 2380 cum
1382 2339 1625 2379 morositate

229 2422 372 2463 dilata.

288 2489 413 2536 Item,
446 2493 653 2526 terrarum
689 2479 900 2536 principes
934 2478 1019 2526 alii,
1049 2477 1091 2517 in
1129 2476 1242 2516 omni
1275 2489 1465 2516 sermone
1493 2488 1626 2514 sacra-

230 2555 383 2597 mentis
420 2551 662 2593 enormibus
699 2556 880 2595 utentes,
903 2560 978 2600 per
1014 2551 1193 2584 mortem
1230 2543 1328 2591 Dei,
1360 2557 1435 2596 per
1471 2541 1625 2589 oculos,

280 2669 289 2691 ¹
316 2666 483 2701 Nonnihil
503 2665 607 2698 deest.
964 2658 1096 2700 fecisse,
1126 2665 1157 2690 et
1178 2657 1318 2690 Francis
1336 2655 1425 2688 haud
1444 2654 1626 2699 probatam,

278 2715 290 2732 ²
315 2713 426 2747 “Gul.
446 2709 693 2754 Neubrigensis
713 2707 793 2740 dicit
815 2706 892 2739 Phi·
965 2715 1041 2737 cum
1075 2704 1127 2736 sui
1161 2703 1308 2747 corporis
1342 2701 1498 2735 custodes
1532 2699 1628 2732 insti-

231 2761 360 2806 lippum
392 2760 584 2802 Augustum
620 2767 688 2788 rem
723 2753 893 2787 insolitam
966 2750 1068 2782 tuit.'’
1119 2749 1226 2792 Bouq.
