1908 3135
492 210 554 241 DE
590 210 941 243 INSTRUCTIONE
976 212 1255 246 PRINCIPUM.
1483 209 1556 247 121

171 308 315 348 nifices
346 308 510 348 cruenti
541 309 821 350 communiter
852 311 1070 352 invadunt.
1131 313 1192 354 Et
1222 314 1422 354 umbilico
1444 321 1566 355 tenus

171 389 196 414 a
235 375 396 415 dextris
438 375 559 416 illum
599 391 623 416 a
662 377 814 417 throno
855 379 1141 429 extrahentes,
1183 381 1342 420 nudato
1382 388 1564 434 pectore,

172 441 372 483 dextrum
393 443 432 482 ei
462 443 573 483 latus
602 443 746 484 lancea
766 445 1029 486 confodiunt.
1093 447 1153 487 Et
1173 448 1314 488 statim
1336 463 1419 488 vox
1448 450 1567 489 terri-

171 509 269 548 bilis
303 509 421 550 valde
461 517 604 551 secuta
636 517 699 551 est
735 511 781 551 in
820 512 933 552 hunc
965 513 1164 564 modum3
1199 514 1390 563 “Woth,
1417 515 1566 565 Woth,

171 575 300 616 Pater
330 583 374 618 et
408 577 566 626 Filius3
610 577 761 628 Woth,
799 579 948 628 Woth,
983 580 1169 634 Spiritus
1202 580 1423 622 Sanctus.”
1484 582 1568 623 Sed

170 650 315 683 utrum
347 644 527 698 desuper
558 644 736 685 demissa
763 660 815 685 an
847 661 869 686 a
901 646 1187 687 circumstanti
1219 648 1379 702 populo
1406 649 1570 703 prolata

169 710 314 759 fuerit,
338 710 416 751 hoc
448 711 552 750 mihi
574 712 719 752 datum
746 719 809 753 est
840 713 1044 766 ignorare.
1107 715 1166 754 Et
1186 715 1243 754 510
1273 715 1377 755 mihi
1399 716 1568 756 demum

170 785 256 818 tam
277 777 389 818 vocis
413 778 555 832 hujus,
579 794 706 832 quam
728 779 911 830 visionis,
935 787 1082 831 terror,
1105 789 1353 836 experrecto
1375 798 1567 823 somnum

171 845 368 885 excussit.

228 912 357 952 Illum
393 912 538 967 itaque
575 921 725 954 testem
766 915 914 955 invoco
950 917 1019 956 cui
1058 917 1171 957 nuda
1208 924 1251 958 et
1287 925 1431 972 aperta
1470 927 1570 960 sunt

169 979 323 1029 omnia,
377 980 577 1034 quoniam
626 997 693 1021 me
743 982 886 1022 statim
935 982 980 1022 in
1031 990 1161 1024 strato
1210 985 1478 1035 residentem,
1526 994 1569 1026 et

170 1046 261 1086 haec
297 1062 462 1087 mecum
503 1047 628 1087 anxie
668 1049 939 1099 recolentem,
973 1056 1114 1089 tantus
1148 1065 1224 1104 per
1257 1052 1472 1092 dimidiam
1503 1053 1569 1093 vel

119 1128 124 1131 ·
168 1113 347 1167 amplius
399 1114 559 1163 horam,
613 1122 656 1155 et
706 1122 791 1155 tam
830 1115 1055 1156 vehemens
1110 1117 1244 1157 carnis
1301 1125 1343 1157 et
1395 1119 1568 1173 spiritus

166 1181 314 1221 horror
348 1181 513 1230 invasit,
539 1183 654 1235 quod
680 1182 768 1223 fere
801 1191 923 1224 extra
952 1198 1020 1223 me
1048 1184 1185 1224 sactus
1216 1200 1240 1224 a
1270 1192 1410 1226 mente
1437 1194 1568 1228 trans-

165 1248 226 1288 ire
277 1255 320 1288 et
359 1249 592 1289 dementire
642 1249 856 1291 timebam.
936 1251 1245 1292 Verumtamen
1299 1252 1351 1292 ad
1395 1254 1568 1294 unicum

165 1315 272 1356 illud
312 1315 458 1356 salutis
497 1316 696 1357 humanae
732 1317 950 1371 refugium
995 1318 1311 1372 promptissima
1346 1321 1568 1360 devotione

166 1398 397 1432 recurrens,
435 1389 478 1423 et
514 1383 632 1437 signo
668 1384 803 1425 crucis
838 1385 1091 1426 creberrimo
1128 1393 1214 1426 tam
1254 1386 1438 1427 frontem
1488 1387 1570 1441 sig-

166 1465 282 1500 nans,
314 1465 442 1504 quam
468 1457 617 1505 pectus
644 1452 853 1502 muniens,
886 1459 1133 1506 sequentem
1164 1454 1298 1493 noctis
1329 1453 1444 1494 illius
1474 1470 1569 1509 par-

167 1524 251 1558 tem
292 1532 426 1571 usque
463 1518 516 1558 ad
547 1533 739 1559 auroram
773 1519 880 1559 duxi
918 1520 1165 1560 insomnem.
1246 1521 1306 1561 Et
1337 1521 1394 1561 sic
1427 1521 1569 1562 divina

168 1585 406 1639 opitulante
441 1586 592 1638 gratia,
631 1586 800 1627 tandem
840 1586 892 1626 ad
930 1601 998 1626 me
1029 1602 1221 1627 reversus
1256 1587 1361 1627 mihi
1398 1588 1567 1628 demum

166 1652 292 1706 plena
331 1653 558 1693 securitate
597 1668 691 1693 sum
734 1654 972 1694 restitutus.
1054 1653 1290 1708 Nunquam
1330 1662 1470 1695 tamen
1517 1656 1569 1695 ad

169 1720 370 1769 animum,
401 1735 477 1759 nec
509 1720 637 1760 etiam
672 1720 878 1760 hodierno
907 1721 987 1769 dic,
1017 1721 1176 1774 absque
1209 1721 1380 1761 horrore
1416 1737 1568 1774 magno

166 1787 370 1827 visionem
408 1787 532 1840 potui
570 1802 778 1828 revocare.
856 1787 975 1829 Quid
1016 1787 1128 1827 enim
1169 1788 1401 1829 terribilius
1441 1804 1567 1842 quam

166 1870 190 1894 a
238 1860 430 1894 creatura
481 1854 666 1908 conspici
718 1854 829 1894 ferro
881 1854 1051 1894 confodi
1104 1854 1379 1895 Creatorem?
1458 1856 1569 1897 Quis

166 1921 368 1961 caelorum
401 1920 524 1970 cives,
549 1920 720 1974 Deique
743 1921 994 1960 domesticos
1024 1920 1331 1975 hominumque
1353 1930 1566 1975 patronos,

165 1989 210 2028 in
246 1988 403 2028 caedem
441 1987 549 2028 trahi
580 1988 721 2028 videat
752 1994 795 2028 et
828 1988 991 2028 turbari
1027 2002 1111 2028 non
1145 1989 1371 2028 turbatus?
1443 1990 1566 2039 Quis,

163 2055 350 2109 inquam,
374 2055 514 2108 ipsum
544 2062 708 2095 naturae
736 2055 971 2095 Dominum
993 2062 1036 2095 et
1058 2055 1343 2096 universitatis
1364 2056 1564 2109 Figulum

164 2123 252 2177 pati
274 2123 516 2177 conspiciat,
539 2130 582 2162 et
601 2137 685 2162 non
707 2123 994 2177 compatitur?

221 2190 341 2232 Quid
380 2196 522 2230 autem
560 2189 651 2229 haec
692 2189 771 2229 sibi
803 2189 908 2229 visio
934 2189 1050 2238 vclit,
1088 2196 1132 2229 et
1167 2190 1271 2243 quid
1311 2192 1560 2244 portendere

162 2257 310 2306 valeat,
348 2258 508 2310 absque
548 2257 799 2310 praejudicio
836 2257 979 2310 paucis
1024 2257 1249 2297 absolvam.
1331 2257 1419 2299 Qui
1460 2258 1559 2298 olim

160 2325 203 2364 in
244 2324 415 2377 propria
462 2339 638 2377 persona
688 2339 834 2377 passus
874 2331 937 2363 est
986 2338 1062 2377 pro
1103 2324 1200 2372 suis,
1242 2339 1353 2363 nunc
1403 2325 1558 2365 iterum

162 2406 205 2431 50
237 2391 325 2444 pati
357 2390 566 2443 significat
598 2390 670 2430 sed
701 2390 744 2429 in
776 2389 875 2430 suis.
938 2390 998 2430 Et
1031 2390 1105 2443 qui
1138 2405 1214 2443 pei·
1245 2391 1378 2430 crucis
1410 2392 1558 2431 trium-

162 2458 294 2512 phum
321 2458 373 2498 ad
400 2458 619 2498 dexteram
646 2457 784 2497 Patris
811 2457 1036 2497 ascendens
1069 2472 1247 2510 regnum
1279 2472 1402 2498 suum
1427 2459 1557 2499 victo-

160 2524 295 2564 riosus
335 2524 534 2573 intravit3
580 2523 643 2564 illi
680 2525 768 2578 jam
807 2524 948 2564 hostes
980 2524 1081 2564 facti
1124 2525 1166 2564 in
1202 2525 1338 2579 capite
1379 2541 1555 2579 regnum

160 2592 340 2641 auferre,
372 2593 635 2646 majestatem
666 2591 872 2639 minuere,
896 2591 1112 2631 ecclesiam
1144 2591 1386 2632 subvertere
1414 2593 1556 2632 nitun-

162 2667 244 2707 tur,
278 2675 401 2713 quam
442 2658 538 2712 Ipse
586 2658 665 2697 sibi
707 2658 800 2697 fuso
842 2659 1043 2711 sanguine
1085 2659 1353 2712 comparavit.
1434 2659 1556 2699 11100-

161 2741 258 2780 que,
298 2734 347 2767 ut
386 2727 580 2775 arbitror,
622 2741 705 2766 non
746 2726 788 2765 in
834 2741 969 2774 cruce,
1009 2725 1080 2765 scd
1126 2725 1168 2765 in
1219 2727 1437 2779 majestate
1483 2742 1555 2780 ap-
