1908 3135
234 624 469 667 INCIPIT
516 627 850 672 PRAEFATIO
898 631 966 673 IN
1011 634 1353 676 SECUNDAM
1406 636 1525 677 DIS-

669 711 1082 758 TINCTIONEM.

435 874 691 918 UONIAM
705 879 835 933 juxta
847 880 958 921 varia
978 881 1162 923 fortunae
1177 883 1359 924 ludibria
1374 885 1576 938 quosdam

491 944 564 984 diu
596 945 775 999 deprimi
795 947 986 988 videmus
1017 956 1060 988 et
1086 949 1314 999 humiliari,
1338 960 1386 991 ut
1415 953 1575 1005 gratius

490 1013 759 1066 postmodum
800 1022 843 1055 et
883 1015 1105 1056 sublimius
1154 1018 1421 1069 cxaltentur3
1473 1028 1515 1060 ct
1555 1037 1576 1060 c

491 1082 666 1128 diverso,
688 1081 791 1121 alios
812 1082 953 1122 subito
985 1091 1028 1123 et
1048 1098 1103 1123 ex
1124 1084 1342 1138 inopinato
1370 1086 1413 1126 in
1445 1088 1575 1127 altuni

185 1148 291 1198 tolli,
315 1156 364 1189 ut
383 1150 503 1203 lapsu
523 1147 711 1202 graviore
732 1155 880 1198 ruant3
904 1148 1002 1188 huic
1024 1149 1175 1190 ultimo
1197 1152 1309 1191 casui
1332 1152 1574 1204 insistendo,

184 1215 277 1256 haec
294 1217 479 1256 secunda
498 1214 633 1255 libelli
656 1214 885 1264 distinctio,
907 1215 1143 1269 Anglorum
1166 1217 1298 1271 Regis
1320 1218 1497 1260 Henrici
1516 1238 1578 1262 sc-

184 1283 311 1323 cundi
331 1283 606 1338 inopinatam,
629 1289 678 1322 ut
697 1297 819 1323 nemo
842 1282 1049 1337 desperet,
1069 1284 1408 1326 sublimationem
1427 1295 1469 1327 et
1489 1289 1579 1341 glo-

183 1349 287 1390 riam
305 1367 315 1401 3
339 1365 518 1404 sequens
532 1365 644 1399 vero,
663 1364 832 1403 gravem
853 1350 1056 1404 ejusdem,
1075 1357 1124 1391 ut
1139 1350 1184 1390 in
1202 1353 1442 1405 superbiam
1463 1369 1578 1408 pros-

185 1432 286 1472 pera
315 1417 528 1458 neminem
557 1417 780 1466 extollant,
804 1417 1082 1471 dejectionem
1103 1418 1261 1472 pariter
1283 1426 1326 1460 et
1347 1435 1576 1463 aerumnam

184 1485 430 1540 explicabit.
493 1484 723 1533 Quoniam,
745 1491 795 1525 ut
815 1484 874 1524 ait
895 1484 1183 1539 Hieronymus
1212 1487 1416 1528 Laetemur
1437 1490 1493 1528 ad
1515 1505 1579 1529 as-

185 1567 359 1602 censum,
383 1554 594 1593 timeamus
625 1552 681 1592 ad
701 1552 859 1606 lapsum
873 1570 889 1600 ,·
919 1567 997 1592 non
1028 1558 1087 1592 est
1107 1555 1215 1594 tanti
1241 1555 1388 1607 {laudii
1418 1557 1579 1598 eaecelsa

184 1622 374 1670 tenuisse,
408 1622 554 1674 quanti
588 1621 773 1661 moeroris
802 1620 852 1659 de
887 1620 1059 1660 eoecelsis
1093 1623 1304 1662 corruisse.
1366 1622 1581 1665 Adversus

185 1695 324 1728 tantos
347 1688 505 1743 quippe
529 1688 648 1741 regni
667 1687 921 1737 detentores,
945 1695 987 1728 et
1008 1695 1072 1728 tot
1090 1688 1295 1738 inimicos,
1318 1689 1495 1730 militem
1516 1691 1580 1730 in-

184 1755 346 1808 signem
376 1771 430 1796 se.
455 1755 720 1809 Stephanum
742 1755 920 1808 Regem,
943 1755 1075 1809 Regis
1100 1755 1278 1796 Henrici
1301 1755 1336 1796 I.
1361 1772 1415 1796 cx
1439 1772 1578 1799 sorore

182 1829 396 1876 nepotem,
429 1830 472 1864 et
501 1823 679 1863 militem
710 1822 926 1876 egregium
963 1823 1169 1877 Stephani
1200 1823 1333 1877 Regis
1364 1824 1514 1874 filium,
1537 1833 1580 1866 ct

184 1889 388 1930 Lodovici
421 1890 678 1930 Francorum
714 1889 847 1943 Regis
879 1890 1098 1939 sororium,
1134 1890 1439 1941 Eustachium3
1486 1893 1580 1945 quis

184 1971 373 2010 unquam
397 1955 633 1996 Henricum
654 1956 881 2010 puerulum
903 1956 1066 1996 comitis
1088 1957 1403 2011 Andagavensis
1429 1959 1579 2008 filium,

185 2023 357 2063 ausibus
376 2029 462 2063 tam
479 2023 683 2077 imparem
703 2024 828 2063 armis
849 2030 892 2064 et
904 2030 1002 2064 ante
1019 2024 1230 2078 suffragia¹
1249 2039 1424 2079 regnum
1442 2041 1580 2080 spera-

185 2099 252 2131 ret
271 2091 558 2145 adepturum?
606 2090 738 2131 Porro
760 2090 902 2131 divina
923 2091 1156 2145 dispositio,
1178 2092 1306 2132 nullis
1326 2093 1490 2133 obstare
1512 2109 1581 2134 va-

186 2157 389 2207 lentibus,
412 2165 455 2198 et
475 2157 606 2198 noxia
626 2158 861 2208 submovet,
885 2165 928 2198 et
949 2158 1049 2198 dum
1070 2159 1240 2209 arridet,
1263 2168 1415 2200 cuncta
1435 2161 1578 2215 profu-

188 2232 285 2266 tura
305 2225 513 2266 concedit.
566 2224 638 2264 Ad
657 2224 749 2265 haee
772 2225 898 2265 etiam
920 2232 1016 2279 post
1033 2240 1252 2266 ascensum
1272 2227 1392 2279 regni
1413 2227 1580 2276 solium,

188 2292 284 2347 quis
318 2299 403 2332 tam
437 2307 606 2345 gravem
647 2292 833 2332 ecclesiae
870 2292 1082 2341 malleum,
1119 2300 1203 2333 tam
1239 2293 1433 2346 iniquum
1465 2295 1584 2348 regni

189 2367 430 2414 tyrannum,
452 2366 496 2399 et
521 2359 566 2399 in
595 2358 715 2399 malis
745 2359 832 2399 fere
863 2359 1026 2400 cunctis
1056 2366 1142 2400 tam
1173 2360 1444 2408 obstinatum,
1469 2368 1584 2401 tanta

189 2433 233 2467 et
271 2434 357 2466 tam
399 2425 731 2479 incomparabili,
770 2432 970 2480 tanquam
1016 2427 1143 2467 rebus
1183 2442 1258 2481 per
1295 2427 1434 2467 onmia
1476 2428 1582 2467 bcnc

188 2492 332 2546 gestis,
360 2492 546 2546 potitum
577 2492 684 2532 vidit
717 2498 760 2532 et
790 2492 978 2533 victoria.
1047 2493 1170 2534 Adeo
1207 2501 1255 2533 ut
1282 2494 1477 2547 quotiens
1510 2509 1582 2547 per

188 2560 312 2609 filios,
334 2575 410 2614 per
428 2560 624 2608 Francos,
645 2574 721 2614 per
740 2559 1012 2600 circumfusas
1040 2559 1127 2600 fere
1160 2560 1347 2613 undique
1379 2561 1582 2610 nationes,

190 2628 228 2668 ei
264 2627 430 2681 flagella
461 2627 662 2668 divinitus
692 2627 829 2681 parari
860 2627 1102 2667 viderentur
1133 2627 1186 2667 ad
1215 2627 1464 2676 vindic-teum
1499 2628 1584 2667 fore.

192 2713 355 2752 scmpcr
388 2696 523 2737 eidem
564 2700 659 2748 post
698 2694 842 2747 longas
878 2695 1135 2742 vexationes,
1172 2709 1269 2747 quae
1312 2695 1471 2734 utinam
1513 2695 1583 2735 dc-

453 2789 458 2807 ¹
488 2787 637 2821 Auribus
656 2794 722 2821 tam
743 2788 905 2832 imparem
923 2787 1023 2820 annis
1042 2795 1073 2820 ct
1093 2798 1134 2819 an
1153 2786 1241 2827 suff„
1261 2786 1335 2819 MS.
