1908 3135
490 199 552 230 DE
586 198 936 232 INSTRUCTIONE
970 199 1251 231 PRINCIPUM.
1488 191 1566 230 139

176 297 301 337 modo
314 297 629 352 apparuerunt.’
668 296 751 336 His
764 304 892 350 atque
906 296 998 336 aliis
1011 295 1254 350 hujusmodi
1268 297 1405 336 verbis
1419 312 1571 350 expro-

176 363 326 404 brabat
343 365 394 405 ei.
450 365 570 405 Tunc
589 364 746 404 Tobias
766 363 977 417 ingemuit
994 370 1036 403 et
1057 363 1190 418 coepit
1208 378 1324 403 orare
1343 379 1437 403 cum
1454 364 1573 404 lacri-

175 431 253 471 mis
274 432 430 481 diceus,
453 436 464 454 ‘
479 432 628 472 Justus
649 447 706 479 es,
730 431 927 480 Domine,
951 438 994 470 et
1020 431 1159 471 omnia
1175 431 1338 485 judicia
1359 438 1433 470 tua
1457 432 1575 485 justa

174 506 288 549 sunt,
307 507 348 540 et
370 515 513 540 omnes
528 500 607 540 viae
626 506 712 540 tuae
727 499 1024 547 misericordia,
1038 498 1204 547 veritas,
1220 506 1263 538 et
1270 498 1482 553 judicium
1500 515 1508 548 ;
1532 506 1575 538 et

175 581 301 612 1111110,
316 567 514 616 Domine,
531 574 744 606 memento
757 566 854 614 mei,
868 581 922 605 ne
938 565 1239 606 vindictionem
1257 580 1395 605 sumas
1412 565 1462 606 de
1478 580 1574 619 pec-

175 635 276 674 catis
309 635 425 683 meis,
454 648 594 688 neque
627 633 905 673 reminiscaris
941 633 1095 674 delicta
1128 648 1220 673 mea
1253 632 1319 673 vel
1350 640 1574 686 parentum

173 715 380 750 meorum,
413 701 529 755 quod
558 716 642 741 11011
674 700 938 741 obedivimus
968 700 1196 755 praeceptis
1231 699 1330 749 tuis,
1355 708 1397 739 et
1430 699 1574 740 traditi

173 782 318 808 sumus
339 768 382 808 in
405 768 687 823 direptionem
709 774 752 808 et
772 768 1074 822 captivitatem,
1090 775 1131 808 et
1150 767 1424 822 opprobrium
1439 768 1573 807 omni-

172 834 253 875 bus
274 835 519 876 nationibus
540 835 584 874 in
598 835 755 889 quibus
769 835 1001 889 dispersisti
1023 849 1112 875 nos.
1153 835 1352 884 Etnunc,
1374 834 1572 884 Domine,

174 902 410 943 secundum
429 902 693 943 voluntatem
714 908 831 943 tuam
853 902 917 942 fac
937 916 1129 951 mecum;
1162 902 1348 956 praecipe
1373 902 1505 956 recipi
1529 903 1573 942 in

174 984 278 1024 pace
300 970 499 1024 spiritum
520 969 692 1010 meum.'
711 968 733 984 ”

234 1036 343 1077 Cum
363 1037 457 1078 haec
487 1037 620 1091 igitur
646 1043 690 1077 et
717 1035 870 1076 similia
893 1035 1021 1090 justis
1054 1035 1316 1089 contingant,
1349 1043 1392 1076 et
1420 1037 1572 1077 sanctis

119 1132 123 1135 -
172 1103 270 1143 viris
307 1103 382 1157 qui
418 1119 503 1144 non
534 1109 796 1152 meruerunt,
832 1117 907 1142 cur
937 1103 1139 1143 obstinati
1165 1111 1310 1144 contra
1338 1103 1573 1144 Dominum

173 1171 424 1219 excandent,
449 1170 523 1225 qui
559 1170 685 1224 longe
720 1169 883 1209 minora
918 1170 1081 1209 meritis
1123 1170 1377 1224 suscipiunt,
1411 1171 1572 1224 quique

171 1237 280 1277 mala
301 1237 494 1291 quotidie
515 1237 653 1277 facere
682 1252 767 1277 non
795 1237 1020 1287 desistunt,
1044 1244 1087 1277 et
1119 1245 1261 1277 tamen
1283 1238 1575 1291 temptationi-

171 1305 251 1344 bus
268 1317 354 1344 non
369 1304 572 1344 resistunt
589 1304 606 1344 2
667 1302 844 1344 Talibus
866 1310 1010 1343 autem
1031 1318 1171 1358 neque
1192 1304 1361 1344 vexatio
1383 1304 1575 1344 intellec-

173 1378 265 1411 tum
279 1371 411 1421 dabit,
432 1371 506 1425 qui
518 1370 591 1411 vix
613 1370 741 1411 etiam
763 1370 951 1411 Domino
972 1371 1306 1420 confitebuntur,
1329 1386 1425 1412 cum
1446 1372 1574 1412 bene-

171 1438 322 1479 fecerit
343 1438 415 1478 eis.
458 1437 678 1478 Deficiunt
693 1444 837 1477 autem
859 1437 1030 1478 omnino
1051 1438 1095 1478 in
1118 1438 1248 1488 duris,
1272 1446 1315 1479 et
1332 1439 1374 1480 in
1395 1439 1574 1479 miseriis

170 1520 257 1545 non
283 1505 546 1546 subsistunt.
629 1504 847 1559 Scriptum
883 1511 947 1545 est
981 1512 1124 1546 autem
1169 1506 1220 1546 de
1254 1506 1320 1546 his
1361 1507 1435 1560 qui
1477 1521 1573 1560 per-

172 1573 372 1614 diderunt
402 1572 698 1622 substantiam,
730 1572 792 1612 hii
822 1587 975 1627 nempe
1007 1573 1041 1613 si
1072 1588 1157 1614 non
1196 1574 1357 1614 fuerint
1396 1574 1571 1614 saturati

170 1640 496 1681 murmurabunt
527 1647 570 1681 et
602 1639 972 1694 blasphemabunt.
1036 1640 1204 1681 Similes
1239 1641 1320 1681 illis
1343 1641 1394 1680 de
1416 1641 1571 1695 quibus

169 1707 214 1746 in
255 1707 422 1747 Psalmo
473 1707 678 1761 scriptum
716 1714 793 1756 est,
832 1709 859 1728 “
875 1705 1181 1760 Cogitaverunt
1222 1715 1264 1748 et
1299 1708 1432 1748 locuti
1473 1715 1572 1748 sunt

170 1774 418 1827 nequitiam,
460 1773 735 1827 iniquitatem
775 1773 821 1812 in
861 1774 1028 1814 excelso
1075 1774 1208 1815 locuti
1261 1782 1372 1814 sunt.
1436 1774 1572 1814 Posu-

170 1848 296 1881 erunt
329 1841 373 1881 111
395 1841 547 1880 caelum
566 1855 611 1880 os
632 1840 795 1889 suum,’'
819 1847 898 1880 etc.
959 1840 1020 1880 Et
1054 1841 1179 1882 alibi:
1215 1841 1365 1882 “Dixi
1395 1841 1569 1895 iniquis,

169 1909 303 1948 nolite
336 1908 485 1961 inique
527 1922 677 1960 agere3
721 1914 764 1948 et
810 1907 1172 1961 delinquentibus,
1205 1909 1336 1948 nolite
1383 1909 1570 1948 exaltare

169 1990 313 2016 cornu.
375 1974 524 2015 Nolite
546 1974 753 2014 extollere
780 1975 825 2014 in
854 1974 987 2014 altum
1009 1990 1139 2015 cornu
1160 1982 1359 2016 vestrum.
1422 1975 1568 2016 Nolite

166 2043 284 2096 loqui
301 2042 499 2082 adversus
513 2041 748 2081 Dominum
764 2041 1075 2095 iniquitatem.”
1109 2042 1220 2083 Item
1236 2043 1385 2083 Esaias
1403 2059 1410 2083 :
1437 2047 1462 2064 “
1481 2043 1570 2084 De-

167 2110 435 2164 reliquerunt
466 2109 717 2158 Dominum,
749 2109 1150 2163 blasphemaverunt
1189 2110 1392 2151 Sanctum
1424 2110 1567 2160 Israel,

165 2177 391 2217 abalienati
443 2182 543 2216 sunt
591 2183 836 2216 retrorsum.
919 2176 1055 2230 Super
1096 2192 1181 2230 quo
1220 2178 1456 2231 percutiam
1495 2193 1568 2217 vos

165 2245 277 2285 ultra
306 2245 511 2284 habentes
532 2243 965 2297 praevaricationem.”
1017 2243 1156 2296 Super
1174 2243 1286 2283 hunc
1302 2244 1443 2283 locum
1465 2244 1568 2283 dicit

167 2312 472 2364 Hieronymus,
506 2313 532 2331 “
553 2309 678 2364 Saepe
709 2309 894 2363 percutit
931 2310 1144 2350 Dominus
1175 2317 1224 2349 ut
1255 2311 1459 2363 corrigat:
1500 2311 1566 2350 his

167 2379 242 2433 qui
273 2377 581 2431 incorrigibiles
612 2384 712 2416 sunt
740 2377 855 2426 dicit,
891 2380 900 2397 ‘
921 2377 1060 2431 Super
1092 2392 1190 2430 quo,
1225 2385 1303 2417 etc.
1339 2377 1455 2418 Quia
1479 2392 1563 2417 non

164 2446 332 2486 invenio
345 2445 610 2492 medicinam,
627 2458 753 2498 quam
767 2443 855 2484 scil.
875 2444 1096 2484 adhibeam
1118 2444 1253 2493 vobis,
1277 2444 1417 2484 omnia
1432 2459 1563 2485 mem-

164 2514 240 2554 bra
262 2513 509 2554 vulneribus
536 2512 662 2565 plena
687 2519 801 2551 sunt.
862 2511 1058 2551 Adhibui
1091 2511 1248 2566 saepius
1269 2511 1530 2552 curationem
1550 2529 1559 2561 ;

163 2581 287 2621 modo
310 2579 469 2620 nullam
490 2586 653 2633 partem
675 2578 860 2632 corporis
881 2579 1045 2632 reperio
1062 2594 1159 2632 quae
1181 2593 1265 2618 non
1286 2578 1341 2618 sit
1355 2579 1443 2632 jam
1465 2594 1559 2632 pcr—

163 2662 282 2688 cussa
313 2653 356 2686 et
391 2646 524 2701 plagis
558 2645 698 2699 plena,
717 2645 830 2685 unde
862 2645 998 2685 nullas
1032 2645 1199 2685 invenio
1231 2646 1373 2699 plagas
1402 2646 1559 2698 quibus

163 2714 422 2767 confringam
455 2713 653 2753 duritiam
689 2719 879 2753 vestram.
942 2713 1007 2753 Eo
1045 2713 1156 2752 enim
1190 2713 1338 2754 crescit
1369 2713 1557 2766 nequitia
