1908 3135
545 222 608 253 DE
643 223 994 254 INSTRUCTmNE
1032 224 1312 257 PRIerIPUM.
1507 220 1584 259 161

192 318 369 361 Francia
407 330 623 376 regnante,
658 331 701 363 et
732 323 810 363 hoc
847 338 920 377 per
952 323 1088 364 filium
1129 324 1393 378 primaevum,
1422 336 1470 366 ut
1502 343 1588 368 cre-

189 387 381 438 debatur,
410 397 676 443 procurante,
699 390 909 430 exinaniri
935 391 1024 444 jam
1055 400 1244 445 coeperat
1265 400 1307 431 et
1328 408 1584 435 evanescere.

188 453 300 494 Item
337 471 433 497 cum
464 457 527 496 vir
564 458 736 511 quidam
770 458 991 511 religiosus
1029 458 1080 497 de
1116 458 1319 499 fratribus
1351 459 1508 501 eisdem
1545 471 1586 501 et

185 523 408 574 militibus,
431 540 662 578 eorumque
694 534 814 579 patre
847 534 931 565 tam
963 526 1036 566 diu
1068 526 1111 566 in
1144 527 1265 566 terris
1300 536 1343 567 et
1373 536 1458 569 tam
1491 545 1587 583 pro-

186 606 305 645 spere
336 601 553 646 regnante,
575 594 770 633 similiter
791 593 864 633 diu
895 594 1121 647 cogitasset
1141 603 1183 634 et
1213 594 1272 634 sic
1294 595 1583 647 obdormisset,

184 658 406 700 videbatur
446 659 484 699 ei
519 660 582 700 vir
622 660 795 714 quidam
835 661 1041 710 assistere,
1084 662 1157 715 qui
1209 670 1251 701 et
1292 662 1458 703 dicebat
1507 665 1582 714 illi,

182 728 209 746 “
225 725 308 765 Dic
336 727 544 781 psalmum
565 728 710 777 istum,
744 728 793 769 Si
813 743 906 768 vere
928 729 1109 783 utique.”
1143 729 1283 771 Quem
1306 745 1402 770 cum
1425 731 1583 771 diceret

182 807 317 846 usque
347 794 400 834 ad
419 809 564 835 versus
593 795 695 836 istos
717 804 799 836 tres
822 796 954 836 dictos
986 812 1081 837 cum
1113 797 1231 846 aliis3
1263 798 1380 837 Deus
1401 805 1581 838 conteret

182 860 321 900 dentes
349 876 483 901 eorum
504 864 547 902 in
569 878 636 902 ore
668 864 846 916 ipsorum
866 882 881 911 ,·
927 863 983 903 ad
1014 864 1209 903 nichilum
1244 864 1457 904 devenient
1490 871 1582 905 tan-

182 942 305 981 quam
327 944 437 983 aqua
454 930 672 970 decurrens
687 949 701 978 ,·
721 931 829 970 sicut
850 946 945 971 cera
974 946 1060 986 quae
1078 931 1183 984 fluit
1207 932 1459 984 azqferentur,
1485 934 1578 982 δῖα,

181 995 324 1035 statim
355 996 561 1050 disparuit
589 998 674 1039 ille.
738 999 910 1041 Quibus
945 1007 989 1039 et
1018 999 1084 1038 hic
1112 1013 1254 1038 versus
1286 1006 1488 1052 tanquam
1524 1015 1580 1040 ex

182 1077 308 1103 sensu
348 1065 556 1106 contrario
604 1080 690 1106 non
739 1066 1075 1120 incompetenter
1124 1065 1299 1119 adjungi
1349 1067 1492 1120 potuit
1536 1076 1579 1107 et

124 1134 128 1137 ”
180 1129 397 1184 adaptari:
438 1133 550 1172 Just&
590 1138 725 1172 (tactem
765 1133 1053 1173 hereditabunt
1095 1138 1261 1180 terram,
1296 1138 1335 1172 et
1370 1133 1579 1174 inhabita-

180 1197 278 1237 bunt
299 1199 341 1238 in
361 1199 538 1239 seculum
558 1200 686 1239 seculi
706 1215 829 1253 super
850 1215 950 1241 eam.

239 1264 347 1305 Cum
382 1266 425 1305 in
461 1267 619 1306 curiam
654 1266 858 1307 Lodovici
892 1267 1151 1308 Francorum
1189 1267 1323 1321 Regis
1364 1267 1578 1308 Henricus

179 1332 389 1372 secundus
422 1348 529 1386 puer
565 1334 772 1374 adductus
803 1334 968 1383 fuisset,
1000 1342 1043 1376 et
1075 1349 1263 1388 praesens
1284 1335 1413 1374 abbas
1437 1334 1578 1374 Clare-

178 1399 371 1439 vallensis
410 1401 535 1440 bonae
581 1401 796 1442 memoriae
839 1401 1081 1441 Bernardus
1122 1410 1223 1442 tunc
1263 1401 1373 1441 forte
1412 1401 1577 1451 fuisset,

180 1467 379 1520 quaesivit
400 1467 499 1508 Rex
532 1468 637 1522 quid
658 1469 801 1509 abbati
833 1469 884 1508 de
915 1483 1049 1523 puero
1073 1484 1199 1522 quem
1221 1476 1339 1508 tanta
1369 1477 1577 1509 terrarum

178 1541 221 1574 et
255 1549 483 1588 regnorum
518 1536 754 1589 amplitudo
786 1536 985 1576 heredem
1024 1536 1299 1589 exspectabat
1332 1535 1574 1585 videretur;

175 1601 238 1641 vir
255 1610 424 1643 sanctus
444 1603 487 1643 in
509 1618 688 1657 puerum
710 1603 933 1643 intendens
954 1603 1170 1643 oculorum
1195 1602 1342 1652 aciem,
1359 1603 1403 1642 in
1425 1611 1577 1643 terram

176 1668 274 1708 inde
328 1669 442 1710 flexo
482 1669 642 1710 lumine
685 1678 786 1710 tunc
826 1670 936 1710 forte
975 1670 1193 1723 figentem,
1248 1670 1401 1724 spiritu
1457 1670 1577 1723 quasi

174 1736 423 1790 prophetico
462 1737 694 1791 respondit,
759 1741 785 1758 “
808 1737 874 1778 De
926 1737 1092 1777 diabolo
1130 1737 1260 1786 venit,
1314 1746 1357 1776 et
1397 1737 1450 1776 ad
1489 1737 1576 1776 dia-

174 1803 320 1843 bolum
359 1804 502 1853 ibit;’'
538 1811 687 1844 notans
719 1813 802 1844 tam
848 1805 978 1859 patris
1012 1804 1278 1858 tyrannidem
1313 1804 1574 1857 praeteritam

174 1884 299 1923 quam
347 1870 475 1910 etiam
514 1871 592 1910 filii
633 1879 948 1925 proventuram,
998 1872 1305 1924 amborumque
1357 1880 1574 1910 cruentam

170 1937 214 1976 in
255 1937 433 1978 christos
473 1938 664 1987 Domini,
707 1939 952 1992 Sagiensem
1002 1954 1057 1978 sc.
1100 1939 1344 1993 episcopum
1382 1945 1425 1977 et
1466 1937 1575 1977 Can-

171 2005 323 2045 tuariae
344 2005 706 2060 archiepiscopum
728 2007 992 2046 atrocitatem
1015 2006 1334 2046 detestandan1,¹

228 2071 297 2112 De
318 2073 588 2113 coronatione
620 2073 752 2127 Regis
788 2073 910 2113 istius
931 2072 991 2112 vir
1023 2072 1195 2126 quidam
1232 2072 1370 2112 bonus
1401 2080 1444 2112 et
1474 2073 1572 2112 sim-

168 2139 271 2193 plex
302 2140 353 2180 de
375 2139 613 2193 Wigorniae
635 2140 827 2194 partibus
851 2141 995 2194 jacens
1025 2140 1069 2179 in
1090 2139 1200 2179 lecto
1222 2139 1390 2187 doloris,
1420 2154 1569 2192 parum

167 2214 393 2260 antequam
409 2207 605 2260 spiritum
619 2206 850 2254 exhalaret,
867 2206 1239 2246 circumstantibus
1251 2206 1414 2258 inquit:
1431 2210 1455 2227 “
1469 2205 1568 2245 Rex

165 2273 259 2322 iste,
284 2274 358 2327 qui
385 2289 497 2314 nunc
519 2281 757 2322 coronatur,
781 2288 855 2327 per
884 2288 1021 2313 xxxv.
1045 2288 1175 2312 annos
1196 2287 1327 2326 prope
1358 2273 1565 2325 regnabit,

167 2341 239 2380 sed
284 2355 369 2380 non
416 2340 555 2395 plene,
594 2355 827 2394 pacemque
868 2340 1050 2380 servabit
1100 2339 1144 2378 in
1185 2338 1380 2378 omnibus
1431 2353 1565 2392 usque

166 2408 218 2447 ad
249 2415 440 2448 extrema
470 2407 533 2447 sui
568 2414 769 2461 tempora.
832 2407 992 2447 Exitus
1024 2414 1164 2447 autem
1189 2406 1280 2459 ejus
1313 2405 1565 2458 ignominio—

165 2489 234 2514 sus
253 2473 346 2514 erit.
416 2474 519 2514 Post
539 2474 631 2527 ejus
656 2481 842 2527 tempora
856 2487 967 2522 vero,
989 2487 1074 2512 non
1092 2472 1218 2526 longo
1241 2480 1479 2526 temporum
1500 2472 1564 2511 in-

165 2541 353 2591 tervallo,
375 2557 439 2582 vae
460 2541 611 2581 insulae
630 2543 638 2581 !
655 2541 678 2555 ”

222 2608 352 2651 Quod
374 2609 547 2662 quidem
579 2609 630 2648 ad
666 2616 832 2662 tempus
852 2608 1056 2648 Johannis
1090 2606 1202 2661 [qui]
1238 2607 1360 2660 longe
1382 2607 1564 2647 atrocius

212 2707 220 2725 ¹
249 2706 332 2740 This
365 2707 429 2740 and
464 2719 556 2740 some
590 2706 627 2739 of
657 2705 713 2739 the
747 2705 928 2750 preceding
960 2704 1109 2738 remarks
1136 2717 1190 2738 are
1219 2705 1339 2749 briefly
1369 2705 1491 2749 quoted
1519 2705 1564 2749 by

162 2753 361 2798 Knyghton,
380 2756 482 2788 2393.

1303 2811 1331 2836 M
