1908 3135
344 276 396 320 72
747 293 986 326 GIRALDUS
1022 295 1319 327 CAMBRENSIS

341 395 650 443 transgressor3
696 407 794 433 nam
829 393 998 447 quoties
1033 408 1098 434 res
1136 394 1181 434 in
1221 401 1383 435 arctum
1416 394 1654 445 devenerat,
1691 396 1741 435 de

342 456 454 497 dicto
487 458 646 498 malens
673 474 799 513 quam
832 460 882 500 de
902 460 1015 501 facto
1046 461 1270 514 poenitere,
1292 462 1554 515 verbumque
1575 461 1741 502 facilius

342 538 470 577 quam
508 524 669 565 factum
706 526 874 567 irritum
923 527 1104 577 habere3
1155 528 1250 568 ideo
1289 528 1333 568 in
1370 529 1532 569 cunctis
1571 529 1743 583 agendis

342 598 588 646 prospector
617 593 817 647 providus
847 601 889 634 et
918 594 1171 645 moderator,
1193 602 1243 635 ut
1264 596 1317 636 ob
1348 595 1427 636 hoc
1450 596 1591 645 etiam,
1613 596 1744 636 medi-

343 657 437 698 cina
471 673 526 698 ex
557 666 675 713 parte
708 660 881 700 modum
902 661 1149 710 excedente,
1166 661 1277 716 juris
1308 667 1351 702 et
1379 662 1564 716 justitiae
1589 662 1742 702 dilator

344 725 569 775 exstiterit,
586 733 629 767 et
645 741 731 767 non
746 727 906 782 absque
922 743 1095 768 suorum
1114 729 1274 768 enormi
1295 729 1535 783 gravamine
1552 744 1742 770 morosus

343 792 396 831 ad
412 800 564 833 cuncta
583 808 818 847 responsor.
880 794 1082 848 Denique
1101 796 1231 849 gratis
1252 795 1492 836 exhibenda
1509 812 1606 850 quae
1621 796 1741 837 Deus

345 867 388 899 et
413 860 583 913 justitia
611 861 726 910 vult3
760 862 860 902 dum
894 863 1032 916 pretio
1049 865 1061 886 ¹
1090 862 1285 917 provenit
1313 863 1601 917 impretiabili,
1628 871 1671 905 et
1697 865 1743 904 in

345 933 517 979 quaestu
540 934 715 981 praestat
737 929 876 968 onmia
905 936 1124 982 praestanS,
1147 945 1320 984 magnos
1342 930 1471 970 Giezi
1497 938 1581 971 tam
1611 946 1741 985 regno

346 1007 473 1045 quam
510 994 742 1034 sacerdotio
769 994 945 1048 reliquit
978 995 1180 1036 haeredes.
1242 996 1409 1037 Auctor
1428 997 1541 1051 pacis
1562 997 1740 1051 diligen-

347 1058 531 1100 tissimus
581 1067 624 1100 et
672 1061 944 1110 observator3
996 1062 1335 1117 incomparabilis
1383 1063 1743 1119 eleemosynarum

344 1126 531 1179 largitor,
550 1134 593 1167 et
612 1127 852 1182 praecipuus
871 1135 993 1169 terrae
1012 1128 1240 1171 Palestinae
1261 1138 1540 1180 sustentator3
1573 1131 1743 1172 humili-

347 1196 445 1236 tatis
479 1203 652 1247 amator,
686 1198 920 1238 nobilitatis
956 1213 1178 1252 oppressor
1212 1205 1256 1238 et
1290 1199 1500 1252 superbiae
1534 1198 1740 1248 calcator3

347 1263 580 1304 esurientes
628 1264 808 1319 implens
847 1265 982 1315 bonis,
1025 1272 1067 1306 et
1108 1265 1257 1306 divites
1298 1265 1514 1306 dimittens
1564 1265 1740 1316 inanes3

348 1331 538 1371 exaltans
568 1331 762 1381 humiles,
784 1347 944 1386 ponens
966 1333 1016 1373 de
1047 1333 1143 1373 sede
1165 1339 1383 1386 potentes3
1418 1332 1675 1373 detestandis
1698 1333 1743 1372 in

348 1412 397 1437 ea
417 1413 514 1452 quae
546 1397 630 1438 Dei
661 1406 758 1439 sunt
784 1399 1131 1453 usurpationibus
1163 1398 1298 1439 multa
1328 1414 1604 1453 praesumens,
1629 1400 1743 1439 zelo-

348 1479 430 1518 que
446 1465 628 1519 justitiae
651 1464 741 1517 (sed
760 1481 844 1506 non
866 1481 922 1507 ex
943 1466 1135 1519 scientia)
1158 1465 1277 1520 regni
1305 1466 1614 1520 sacerdotiique
1643 1467 1743 1521 jura

347 1532 607 1585 conjungens
628 1533 694 1573 vel
714 1533 976 1574 confundens
996 1533 1155 1588 potius,
1178 1541 1221 1573 et
1241 1533 1381 1573 omnia
1406 1533 1518 1574 solus
1540 1533 1740 1574 existens.

346 1597 550 1639 Ecclesiae
572 1599 684 1639 filius
706 1607 748 1640 et
768 1601 820 1640 ab
841 1600 913 1641 illa
933 1601 1087 1654 sceptri
1108 1608 1255 1641 nactus
1276 1601 1491 1648 honorem,
1511 1615 1741 1641 sacramen-

348 1664 441 1705 talis
472 1665 747 1707 delibutionis
767 1668 832 1708 vel
863 1668 1096 1717 immemor,
1119 1668 1185 1708 vel
1219 1667 1504 1708 dissimulator
1538 1675 1739 1722 acceptae,

346 1747 473 1773 sacrae
494 1733 568 1773 vix
588 1734 732 1774 horam
752 1735 903 1775 hostiae
929 1736 1150 1776 mittendae
1174 1735 1323 1776 divinis
1345 1736 1674 1785 accommodans,
1699 1744 1743 1777 et

345 1799 530 1853 idipsum
570 1802 784 1855 temporis,
821 1803 874 1843 ob
912 1803 1030 1856 regni
1064 1803 1175 1843 forte
1215 1802 1387 1856 negotia
1426 1809 1557 1852 tanta,
1594 1803 1742 1857 reique

344 1867 528 1921 publicae
562 1883 696 1917 causa,
719 1869 815 1923 plus
847 1869 1030 1910 consiliis
1061 1876 1104 1910 et
1136 1884 1325 1910 sermone
1355 1885 1481 1924 quam
1517 1870 1740 1911 devotione

345 1950 606 1976 consumens.
666 1935 921 1977 Vacantium
955 1944 1185 1991 proventus
1222 1936 1490 1977 ecclesiarum
1527 1937 1571 1976 in
1599 1937 1739 1977 fiscale

346 2002 541 2042 aerarium
571 2002 755 2052 mittens,
779 2010 822 2044 et
841 2003 1006 2043 modico
1026 2003 1226 2043 fermenti
1250 2018 1383 2043 massa
1404 2011 1614 2058 corrupta,
1638 2004 1739 2044 dum

344 2069 483 2108 aufert
515 2069 641 2109 fiscus
677 2070 792 2123 quod
832 2069 912 2110 sibi
946 2070 1130 2111 vindicat
1172 2069 1377 2119 Christus,
1416 2070 1535 2110 novis
1575 2085 1739 2124 semper

346 2136 514 2175 emersis
544 2136 819 2176 incommodis
841 2143 884 2176 et
903 2137 1066 2190 guerris
1102 2135 1312 2185 maximis,
1336 2136 1553 2177 thesauros
1573 2137 1740 2177 univer-

345 2217 411 2241 sos
447 2202 746 2256 profundebat,
771 2203 872 2243 dans
909 2203 1041 2257 impio
1079 2202 1206 2242 militi
1244 2217 1341 2256 quae
1378 2203 1467 2243 dari
1504 2204 1740 2245 debuerant

346 2270 564 2310 sacerdoti.
625 2270 698 2310 Ex
726 2285 888 2310 summa
910 2271 1137 2325 prudentia
1167 2271 1301 2311 multa
1324 2271 1580 2321 machinans,
1602 2272 1739 2312 multa

345 2337 518 2391 provide
559 2337 797 2391 disponens,
836 2353 933 2392 quae
974 2345 1114 2379 tamen
1153 2346 1326 2379 eventus
1366 2353 1451 2378 non
1491 2339 1636 2379 sortita
1676 2355 1740 2380 se-

345 2404 516 2454 cundos,
540 2403 584 2444 in
619 2404 826 2445 contraria
854 2405 1105 2459 plerumque
1131 2420 1299 2459 vergere
1321 2405 1584 2447 videbantur.
1646 2406 1739 2448 Nec

344 2487 532 2525 unquam
553 2472 700 2525 ingens
720 2472 890 2513 emersit
909 2472 1236 2523 incommodum,
1256 2474 1371 2527 quod
1392 2473 1597 2528 originem
1617 2474 1738 2515 fami-

342 2537 515 2577 liaribus
536 2553 592 2578 ex
612 2538 746 2578 causis
767 2553 852 2578 non
874 2540 1147 2581 contraxerit.

400 2603 625 2656 Legitimae
662 2604 791 2657 prolis
828 2606 1054 2658 pueritiam
1092 2608 1273 2647 naturali
1315 2609 1469 2648 affectu
1511 2609 1737 2662 plusquam

341 2678 461 2725 pater
491 2671 763 2724 amplectens,
796 2672 1078 2725 provectiores
1119 2675 1308 2727 ejusdem
1344 2690 1474 2715 annos
1509 2675 1736 2729 plusquam

340 2737 514 2778 vitricus
546 2737 717 2790 oblique
750 2738 1003 2791 respiciens:
1039 2746 1082 2780 et
1117 2755 1373 2794 quamquam
1408 2742 1516 2782 filios
1554 2750 1638 2782 tam
1674 2742 1738 2783 in«

607 2819 614 2837 ¹
643 2818 794 2863 Exponit
812 2819 1061 2865 impretiabilia,
1081 2833 1123 2854 cx
1142 2823 1334 2865 conjcctura
1353 2823 1466 2867 Bouq,
