1908 3135
499 225 562 256 DE
597 223 950 257 INsTRUCTIONE
984 223 1272 256 PRINCIPUM.
1499 215 1581 258 175

186 324 433 366 emendatus
457 340 584 379 quam
598 332 646 365 ut
668 324 850 364 intereat
870 324 1120 372 obstinatus,
1137 323 1388 364 desiderium
1410 324 1580 364 habens.

188 392 341 433 Visum
362 400 425 433 est
446 392 558 432 enim
579 392 624 431 in
646 406 792 431 30111110
813 391 942 445 priori
964 391 1015 431 de
1034 390 1297 444 Dunestaple
1317 391 1431 444 quod
1452 406 1474 430 a
1495 391 1582 430 viro

188 460 370 513 quodam
392 460 620 500 venerandi
641 459 786 499 vultus
812 459 964 499 ductus
986 466 1095 498 esset
1126 458 1177 497 ad
1208 458 1346 498 10011111
1368 471 1582 497 amoenum

187 527 321 576 valde,
345 527 419 567 ubi
451 527 494 566 in
519 526 615 566 aula
637 526 819 579 quadam
841 526 954 579 regia
974 525 1086 565 visus
1109 532 1172 565 est
1204 525 1283 564 sibi
1305 525 1445 564 videre
1468 525 1585 577 quasi

189 595 431 649 Principem
450 595 496 635 in
531 595 685 634 throno
719 594 935 633 sedentem
968 608 1064 632 011111
1099 593 1410 633 collateralibus
1443 591 1520 646 xij,
1543 599 1586 632 et

187 662 281 702 aliis
297 662 444 702 multis
459 661 566 701 mira
580 667 802 700 venustate
820 666 864 699 01
884 660 1033 699 decore
1052 659 1423 713 praefulgentibus.
1464 659 1588 700 Vidit

188 736 233 770 et
252 729 474 769 mulierem
496 734 702 768 astantem
724 726 1064 781 pulcherrimam,
1083 726 1426 780 lachrymabilem
1449 726 1590 779 queri-

184 796 370 837 moniam
390 797 440 836 de
463 795 703 835 Williehno
726 794 847 847 Rege
870 793 990 834 Rufo
1014 793 1203 847 Principi
1226 793 1522 847 deponentem,
1547 801 1589 833 et

187 871 325 905 vestes
346 878 441 904 suas
463 870 505 903 et
526 863 789 909 indumenta,
823 875 920 915 quae
942 861 1127 915 pretiosa
1146 860 1317 901 fuerant
1338 868 1380 900 et
1401 869 1588 909 venusta,

189 931 311 985 quasi
333 930 536 985 dissipata
555 944 669 970 nunc
691 930 742 969 ab
774 929 865 983 ipso
893 936 936 968 et
973 928 1210 977 dilacerata,
1235 943 1371 968 coram
1394 928 1590 968 omnibus

189 999 498 1039 ostendentem.
560 997 621 1037 Et
658 1011 753 1037 ecce
784 996 847 1036 vir
888 995 1060 1049 quidam
1095 996 1215 1049 niger
1248 1003 1291 1035 01
1322 995 1514 1049 hispidus
1550 1011 1587 1036 v.

188 1066 360 1120 sagittas
397 1065 588 1119 Principi
620 1064 908 1118 praesentavit,
932 1078 1036 1117 quas
1072 1069 1116 1102 et
1146 1063 1235 1116 ipse
1266 1063 1413 1117 reponi
1441 1063 1585 1117 jussit,

189 1133 332 1173 dicens
352 1148 428 1188 per
450 1147 577 1172 unam
597 1132 765 1171 illarum
787 1131 963 1185 injurias
984 1130 1172 1170 mulieris
1189 1130 1303 1169 illius
1325 1130 1390 1170 (110
1404 1130 1583 1170 crastina

187 1201 471 1241 vindicandas.
504 1199 678 1242 Quibus
692 1199 753 1239 ita
768 1198 868 1238 visis
884 1205 927 1238 et
947 1197 1118 1245 auditis,
1144 1197 1322 1237 eductus
1338 1204 1402 1237 est
1419 1197 1471 1237 ab
1490 1197 1585 1237 aula

189 1268 416 1308 canonicus
456 1267 542 1315 ille,
576 1273 618 1306 et
659 1272 873 1319 quaereret
913 1281 937 1305 a
977 1265 1083 1304 duce
1122 1279 1198 1304 suo
1239 1264 1432 1317 quisnam
1479 1271 1588 1304 esset

190 1335 395 1389 Princeps
415 1334 502 1384 ille,
525 1340 569 1374 et
591 1348 689 1387 quae
714 1333 867 1374 mulier
896 1332 982 1372 illa.
1044 1331 1288 1385 Respondit
1308 1332 1346 1371 ei
1383 1332 1472 1371 dux
1494 1332 1586 1385 ejus

193 1402 309 1456 quod
344 1401 538 1441 Christus
560 1408 662 1451 erat,
692 1415 789 1441 cum
821 1399 1023 1454 apostolis
1054 1405 1098 1439 et
1126 1398 1275 1438 ceteris
1309 1399 1586 1438 assessoribus

188 1475 231 1510 et
250 1469 529 1510 familiaribus
551 1468 651 1509 suis„
713 1467 875 1508 Mulier
895 1472 1037 1507 autem
1069 1465 1242 1506 ecclesia
1262 1465 1360 1514 fuit,
1384 1480 1480 1519 quae
1514 1481 1588 1519 per

188 1550 317 1576 unam
329 1536 579 1589 sagittarum
599 1535 781 1583 illarum,
805 1548 909 1587 quas
930 1532 1177 1587 praesentari
1198 1532 1318 1581 vidit,
1337 1532 1380 1572 in
1402 1533 1584 1572 crastino

186 1603 482 1658 proculdubio,
524 1603 568 1643 ni
618 1602 721 1642 Rex
769 1601 995 1656 resipuerit
1042 1600 1128 1649 ille,
1168 1600 1464 1640 vindicabitur.
1526 1600 1585 1639 Et

187 1671 331 1711 statim
365 1677 643 1724 experrectus
679 1684 703 1709 a
732 1683 878 1709 somno
918 1667 1118 1716 surrexit,
1152 1667 1272 1721 quasi
1312 1674 1408 1720 post
1437 1667 1583 1706 horam

188 1738 323 1779 noetis
344 1738 539 1787 mediam,
563 1743 606 1777 et
622 1736 744 1790 equis
774 1734 888 1775 illico
903 1733 1074 1788 paratiS‚
1097 1748 1239 1774 versus
1254 1733 1419 1773 Novam
1437 1733 1586 1773 Fores-

190 1813 276 1846 tam
307 1805 358 1845 ad
389 1805 555 1858 Regem
587 1802 972 1858 praemuniendum,
1003 1800 1116 1855 [1100]
1148 1801 1268 1855 equis
1299 1815 1473 1855 parcens
1505 1815 1581 1840 nec

188 1873 419 1914 calcaribus
439 1871 628 1920 mutatis,
647 1869 767 1924 quasi
789 1869 916 1909 etiam
938 1868 1125 1909 crebrius
1146 1868 1446 1922 equitaturus,¹
1468 1882 1585 1907 aece-

190 1940 354 1990 leravit,
376 1954 560 1993 eumque
582 1938 749 1978 circiter
768 1937 914 1977 horam
937 1936 1020 1976 diei
1041 1936 1236 1990 primam,
1256 1935 1331 1975 ubi
1353 1935 1396 1974 in
1424 1934 1578 1974 dictam

190 2008 389 2049 forestam
409 2013 609 2047 venatum
640 2006 700 2045 ire
728 2005 917 2059 parabat,
950 2003 1125 2043 invenit.
1189 2003 1331 2045 Quem
1360 2001 1502 2041 statim
1536 2010 1585 2041 ut

191 2075 293 2116 Rex
314 2074 555 2116 venientem
580 2072 702 2120 vidit,
726 2070 978 2111 exclamavit
1008 2085 1050 2110 se
1082 2085 1247 2110 causam
1269 2070 1473 2109 adventus
1495 2069 1586 2122 chs

190 2158 275 2183 non
293 2142 500 2196 ignorare,
523 2148 566 2181 et
587 2138 794 2193 praecepit
815 2137 930 2178 illico
952 2137 1011 2178 xl.
1034 2152 1192 2177 marcas
1213 2137 1252 2177 ei
1274 2135 1432 2176 donari.
1496 2136 1583 2177 Qui

191 2210 303 2250 enim
339 2209 440 2248 alias
471 2222 545 2261 per
576 2206 778 2259 Angliam
815 2205 1008 2245 ecclesias
1047 2218 1125 2258 pro
1164 2219 1284 2257 posse
1326 2203 1584 2250 destruebat,

191 2275 408 2317 ecelesiam
446 2275 496 2314 de
518 2273 760 2326 Dunstaple
791 2271 1031 2325 sumptibus
1066 2271 1153 2310 suis
1183 2269 1370 2309 construi
1403 2269 1516 2317 fecit,
1544 2277 1585 2309 et

192 2351 279 2384 tam
292 2342 431 2382 locum
448 2340 570 2381 illum
586 2354 674 2393 prae
689 2339 853 2387 ceteris,
870 2353 996 2392 quam
1009 2337 1160 2391 prioris
1179 2351 1351 2391 quoque
1366 2351 1583 2390 personam

193 2410 410 2465 diligebat.
473 2407 596 2448 Prior
616 2413 759 2446 autem
781 2420 876 2445 cum
904 2405 1178 2459 responderet
1199 2419 1241 2444 se
1262 2404 1316 2443 ob
1338 2403 1453 2443 aliud
1474 2418 1584 2443 nunc

192 2477 368 2526 venisse,
417 2476 703 2529 majoremque
744 2472 940 2513 veniendi
991 2486 1157 2512 causam
1208 2478 1251 2511 et
1299 2471 1586 2524 urgentiorem

192 2545 363 2593 habere,
401 2557 587 2583 seorsum
620 2540 762 2581 statim
803 2540 921 2593 Rege
952 2546 1113 2588 vocato,
1151 2538 1346 2592 dictaque
1386 2538 1586 2577 secretius

194 2612 233 2653 ei
263 2611 424 2652 visione
456 2624 531 2664 per
563 2608 752 2648 ordinem
784 2614 886 2656 tota,
908 2606 1076 2647 monuit
1101 2613 1150 2646 ut
1182 2606 1225 2645 in
1257 2605 1455 2645 forestam
1486 2613 1585 2644 tunc

194 2680 436 2720 nullatenus
467 2677 562 2727 iret,
584 2675 657 2716 sed
688 2674 970 2715 incontinenti
1005 2689 1047 2714 se
1080 2674 1173 2714 Deo
1210 2672 1510 2720 reconciliaret,
1543 2678 1586 2710 01

721 2767 728 2784 “
760 2765 978 2809 Equilaturis,
998 2765 1072 2798 MS.
