1908 3135
364 268 384 305 1
394 264 447 309 70
767 276 1005 308 GIRALDUs
1041 274 1337 307 cAMssRENSIs

360 391 435 430 per
455 376 584 431 pedes
605 382 649 416 et
678 376 839 425 dentes,
870 391 946 430 per
976 375 1165 429 gorgiam
1196 381 1325 427 atque
1357 371 1611 419 strumellos‚
1636 370 1754 410 fatue

359 443 485 483 nimis
518 450 561 484 et
592 443 817 484 indiscrete
844 444 988 497 jurare
1025 446 1304 497 praesumunt.
1366 440 1571 492 Dumque
1611 438 1755 478 Deum

361 517 447 550 tam
481 511 701 551 temerarie
732 511 789 551 sic
819 509 1085 550 membratim
1117 508 1341 549 dilacerare
1380 505 1658 554 contendunt,
1694 504 1756 544 di-

360 578 469 618 vinae
505 578 736 632 majestatis
771 577 1067 618 excellentiam
1107 577 1232 630 digna
1266 575 1494 629 debitaque
1531 572 1755 613 devotione

361 660 404 685 se
443 660 582 699 neque
621 646 771 695 vereri,
811 661 888 686 nec
927 644 1108 686 revereri
1147 650 1343 699 patenter
1387 641 1630 683 ostendunt.
1692 638 1756 679 Hi

359 726 472 761 vero,
495 712 692 765 quotiens
712 712 777 752 uti
798 712 1068 753 sacramentis
1089 712 1133 751 in
1153 710 1368 765 loquendo
1389 709 1664 757 decreverint,
1678 722 1755 762 per

359 786 522 820 sanctos
559 780 764 829 Franciae,
787 780 865 820 sub
900 780 965 820 his
994 779 1255 833 simplicibus
1282 777 1417 817 solum
1447 776 1514 817 vel
1546 775 1754 816 similibus

354 847 536 900 jurando
566 847 703 887 verbis
736 862 970 887 sermonem
1003 852 1178 887 onerant
1208 852 1250 886 et
1285 845 1502 885 adornant.
1565 842 1755 883 Scientes

361 914 535 968 quippe,
559 921 602 954 et
622 929 706 954 non
727 915 865 954 verbis
896 920 1076 962 tantum,
1098 927 1245 954 verum
1275 912 1402 952 etiam
1421 910 1584 951 cunctis
1602 923 1755 963 prope-

360 982 531 1021 modum
564 982 727 1022 actibus
762 982 807 1022 id
842 988 1092 1030 astruentes,
1115 980 1315 1035 quoniam
1341 979 1413 1033 qui
1443 977 1627 1018 ambulat
1660 977 1755 1015 sim-

354 1049 540 1101 pliciter,
564 1049 748 1089 ambulat
768 1050 1027 1102 coyfidenter.

418 1115 542 1165 Item,
565 1131 651 1156 non
671 1124 721 1157 ut
744 1132 862 1157 ursos
882 1117 994 1157 inter
1024 1116 1230 1164 subditos,
1253 1113 1609 1169 quemadmodum
1630 1127 1756 1166 quosv-

361 1184 455 1223 dam
495 1184 690 1234 vidimus,
726 1200 802 1225 nec
836 1200 878 1224 se
914 1191 1069 1237 gerunt
1100 1191 1151 1224 ut
1180 1184 1338 1223 leones.
1400 1181 1607 1221 Affabiles
1640 1179 1754 1219 enim

360 1265 403 1290 se
425 1251 510 1291 suis
536 1252 790 1292 exhibentes
811 1259 854 1292 et
883 1252 1096 1300 amabiles,
1121 1251 1311 1305 quamvis
1332 1249 1534 1290 sublimes
1566 1248 1611 1287 in
1632 1246 1754 1288 terris

360 1319 513 1368 effecti,
536 1334 612 1359 nec
633 1320 805 1373 superbi
826 1326 968 1359 tamen
1000 1320 1052 1359 ob
1074 1318 1153 1359 hoc
1177 1333 1254 1358 nec
1275 1317 1388 1366 elati,
1411 1317 1484 1357 sed
1512 1314 1753 1355 humilitate

360 1386 491 1439 magis
522 1394 564 1426 et
585 1386 910 1426 mansuetudine
931 1385 1116 1439 praediti.
1180 1384 1330 1424 Sciunt
1353 1383 1525 1437 quidem
1548 1389 1591 1422 et
1610 1395 1754 1434 recog-

359 1459 555 1501 noscunt,
608 1453 809 1507 quoniam
847 1453 1038 1493 homines
1091 1458 1204 1501 sunt,
1242 1452 1372 1506 juxta
1410 1449 1517 1489 illud
1553 1447 1754 1502 sapientis

359 1519 604 1572 eloquium:
646 1521 806 1560 Ducem
841 1526 879 1560 te
914 1522 1224 1568 constituerunt,
1258 1519 1342 1558 noli
1377 1517 1537 1566 eoetollz',
1569 1516 1641 1555 sed
1673 1521 1755 1555 esto

359 1587 402 1626 in
422 1587 510 1627 illis
531 1593 725 1641 tanquam
745 1602 847 1627 ‘ernas
868 1603 918 1627 em
938 1588 1037 1627 illis.
1098 1587 1161 1627 Et
1180 1586 1300 1634 illud,
1325 1585 1440 1639 quod
1465 1589 1618 1638 quanto
1641 1597 1755 1636 may-

357 1670 431 1694 nus
453 1670 506 1703 eS,
529 1655 703 1695 humilia
726 1660 764 1695 te
782 1657 825 1695 in
846 1656 1038 1695 omnibu&

413 1722 538 1772 Item,
580 1723 792 1777 principes
830 1724 1055 1777 plerosque
1093 1722 1289 1771 vidimus,
1323 1721 1411 1775 qui,
1454 1735 1550 1761 cum
1588 1719 1752 1759 bellicis

356 1790 575 1830 eventibus
615 1797 689 1830 aut
724 1790 813 1830 alea
854 1790 999 1844 quavis
1040 1790 1224 1830 fortunae
1265 1788 1461 1828 secundae
1485 1779 1751 1841 ¹prosperum

357 1857 460 1909 quid
480 1864 554 1897 aut
574 1857 698 1897 laude
720 1858 894 1910 dignum
913 1857 1055 1911 adepti
1076 1856 1250 1904 fuerint,
1273 1856 1414 1896 statim
1445 1855 1488 1895 in
1511 1854 1751 1908 superbiam

356 1923 455 1963 elati
486 1924 672 1973 nimiam,
694 1925 739 1964 id
769 1925 940 1964 brachio
962 1939 1037 1964 suo
1058 1930 1196 1964 totum
1217 1923 1445 1963 ascribunt.
1509 1921 1570 1962 Hi
1590 1937 1686 1962 vero
1708 1922 1750 1961 in

356 1991 517 2030 cunctis
539 1992 800 2032 successibus
821 1991 906 2031 suis
926 1991 1099 2031 nimiam
1130 1990 1395 2031 clementiam
1426 1990 1601 2030 laudant
1621 1996 1750 2042 atque

356 2058 604 2110 potentiam,
626 2059 703 2098 soli
725 2058 820 2098 Deo
850 2059 1027 2111 gratiam
1050 2058 1151 2097 dant
1181 2065 1310 2110 atque
1340 2057 1530 2110 gloriam,
1554 2056 1750 2110 quotiens

357 2123 517 2177 aliquid
536 2124 604 2164 vel
621 2125 853 2177 gratiosum
876 2125 1039 2178 egerint
1060 2124 1125 2164 vel
1145 2123 1389 2177 gloriosum.

414 2190 539 2240 Item,
581 2198 680 2231 sunt
721 2198 764 2231 et
792 2192 912 2232 fuere
951 2191 1163 2245 principes
1197 2191 1369 2244 quidam
1400 2190 1554 2230 nostris
1585 2189 1749 2238 diebus,

358 2258 433 2310 qui
448 2258 519 2312 jus
541 2265 584 2299 et
602 2259 802 2312 injuriam
832 2259 876 2298 in
909 2259 1104 2298 omnibus
1126 2258 1439 2311 aequiparantes
1471 2265 1513 2297 et
1542 2257 1605 2297 fas
1627 2272 1748 2298 omne

356 2325 560 2378 nefasque
581 2325 903 2375 confundentes,
925 2332 1151 2379 totumque
1183 2324 1407 2378 quodlibet
1440 2331 1643 2378 tanquam
1670 2324 1750 2364 sibi

354 2391 480 2432 licere
500 2399 713 2446 putantes,
735 2408 812 2433 nec
837 2392 1046 2447 justitiam
1076 2392 1258 2432 subditis
1288 2398 1508 2446 praestant,
1529 2407 1606 2432 nec
1627 2391 1750 2431 thoro

354 2459 537 2499 maritali
560 2459 687 2499 fidem
716 2460 845 2499 ullam
878 2466 952 2499 aut
981 2459 1232 2513 pudicitiam
1253 2465 1443 2509 servant3
1476 2459 1549 2499 sed
1569 2459 1613 2498 in
1634 2465 1750 2499 utro-

359 2541 441 2578 que
458 2526 597 2579 palam
611 2534 652 2566 et
665 2526 834 2579 publice
857 2526 1152 2580 delinquentes
1173 2526 1506 2580 praesumptione
1527 2525 1749 2580 plectibili,

361 2598 447 2632 tam
459 2592 571 2632 facto
585 2592 757 2645 quidem
767 2593 993 2633 enormiter
1005 2601 1194 2647 peccant,
1207 2609 1334 2647 quam
1347 2593 1557 2648 exemplo.
1581 2592 1751 2633 Horum

362 2665 504 2699 autem
525 2665 568 2698 et
588 2659 906 2699 immaculatum
929 2660 1094 2713 copulae
1115 2660 1318 2714 legitimae
1342 2660 1510 2700 thorum
1529 2659 1753 2700 laudabilis

360 2726 405 2766 in
424 2725 615 2780 principe
634 2725 801 2766 castitas
814 2733 857 2766 et
872 2727 1078 2780 pudicitia
1092 2734 1240 2776 servat,
1255 2734 1297 2768 et
1316 2727 1556 2780 aequissima
1569 2726 1752 2780 justitiae

362 2793 524 2833 trutina
543 2793 668 2834 rectis
688 2792 861 2846 regendi
883 2792 1042 2834 semitis
1063 2800 1106 2833 et
1127 2800 1327 2846 tanquam
1348 2793 1542 2847 pretiosis
1563 2793 1751 2847 undique
