1908 3135
514 189 577 220 DE
613 188 964 220 INSTRUCTIONE
999 188 1281 220 PRINCIPUM.
1508 183 1588 222 135

196 286 419 339 supercilia
456 286 712 340 prominent,
750 287 973 340 ignescunt
1008 287 1147 336 oculi3
1198 303 1307 341 gena
1342 289 1507 328 brevior
1547 290 1590 330 in

194 354 381 408 amplum
403 353 673 402 extenditur3
706 361 854 408 pectus
872 361 915 394 et
944 355 1110 395 humeri
1133 355 1445 396 diffunduntur.
1508 356 1592 396 Sed

195 428 238 461 et
264 428 415 462 caetera
444 420 669 474 descriptio
698 421 883 475 corporis
910 422 953 461 in
977 422 1115 462 virum
1144 422 1372 476 consurgit.
1435 421 1488 462 In
1520 423 1592 463 illo

194 503 378 541 namque
415 488 530 542 quod
569 487 619 527 de
662 487 833 528 Socrate
882 488 1038 542 legitur
1087 489 1250 543 insigne
1293 489 1496 543 quiddam
1545 505 1591 530 ac

194 556 450 609 stupendum
488 555 665 605 enituit;
704 570 800 594 nam
840 555 1118 595 constantiam
1154 555 1283 595 animi
1323 556 1593 609 exprimebat

193 621 349 670 vultus,
373 636 536 675 semper
564 621 674 662 idem
708 628 751 662 et
782 621 1012 662 immobilis
1044 637 1307 676 permanens,
1340 637 1417 663 nec
1449 623 1592 664 dolore

192 689 407 728 obscurior
445 703 522 729 nec
568 689 630 728 ira
668 696 872 739 coarctus,
912 704 990 730 nec
1031 690 1182 730 laetitia
1223 690 1467 730 dissolutus.
1541 690 1592 730 111

191 762 357 795 tantum
379 771 478 796 vero
513 756 704 796 nativum
732 755 944 796 Almaniae
974 757 1253 798 venerabatur
1289 757 1522 810 eloquium,
1545 765 1594 797 ut

191 837 436 877 quanquam
474 823 647 864 alterius
692 823 852 876 linguae
902 838 988 864 non
1042 823 1209 864 nescius
1250 830 1373 873 esset,
1415 824 1592 864 aliarum

192 897 331 930 tamen
352 891 543 944 gentium
564 890 700 931 missis
717 905 803 931 non
826 890 907 931 nisi
933 905 1008 945 per
1029 891 1306 945 interpretem
1327 891 1589 944 loqueretur.

190 957 270 998 Vir
290 964 433 998 tantus
454 974 551 998 cum
576 966 751 1013 propter
776 965 1017 1013 praeeuntes
1039 957 1288 998 summarios
1309 958 1471 998 diutius
1492 959 1590 998 sub-

189 1024 377 1075 stitisset,
402 1027 573 1066 tandem
601 1041 719 1066 mora
748 1026 794 1066 in
824 1025 1003 1066 taedium
1024 1025 1232 1075 vertitur3
1267 1032 1310 1065 et
1333 1025 1416 1065 iter
1441 1025 1590 1066 antici-

187 1106 287 1146 pare
321 1093 509 1147 cupiens,
540 1093 701 1133 flumen
736 1093 982 1148 proximum
1014 1099 1268 1133 transmeare
1304 1092 1503 1146 disponit,
1541 1100 1591 1133 ut

187 1159 295 1200 illud
333 1176 358 1200 a
392 1168 511 1215 parte
545 1160 868 1201 summariorum
904 1159 1116 1200 anteriore
1150 1174 1382 1209 remensus,
1420 1160 1472 1199 ad
1508 1160 1588 1200 viae

186 1227 331 1267 redeat
368 1227 624 1268 libertatem.
706 1227 744 1267 O
784 1241 911 1276 mare,
956 1226 994 1266 O
1034 1233 1159 1276 terra,
1201 1227 1239 1267 O
1282 1227 1464 1267 caelum!
1517 1227 1588 1267 ille

186 1293 371 1334 Romani
405 1294 644 1335 moderator
674 1294 843 1348 imperii
887 1308 1053 1348 semper
1085 1294 1320 1348 Augustus,
1352 1308 1428 1348 per
1461 1308 1588 1346 quem

187 1361 340 1403 Romae
381 1361 535 1402 veteris
581 1360 777 1402 refloruit
822 1360 969 1415 gloria,
1010 1361 1169 1401 revixit
1213 1360 1360 1410 honos,
1401 1366 1588 1414 potestas

185 1430 387 1479 excrevit,
409 1430 493 1470 heu
511 1431 520 1470 !
552 1429 674 1483 aquis
695 1429 860 1483 deperit
880 1429 1166 1482 interceptus3
1199 1434 1242 1468 et
1272 1427 1373 1468 licet
1393 1427 1585 1481 undique

185 1497 423 1537 subsidium
453 1496 692 1537 collaterale
726 1496 913 1545 festinet,
935 1495 1036 1537 vitae
1071 1502 1212 1536 tamen
1245 1495 1387 1536 senilis
1421 1494 1586 1549 ignicu-

183 1564 272 1604 lum
312 1579 421 1605 mors
461 1579 652 1619 praeceps
692 1570 735 1604 et
770 1569 938 1604 matura
978 1562 1208 1616 extinguit.
1276 1562 1340 1602 At
1379 1562 1413 1602 si
1452 1562 1585 1602 libido

182 1632 370 1681 natandi,
403 1632 513 1672 sicut
544 1631 738 1686 plerique
775 1637 982 1680 asserunt,
1013 1631 1161 1671 mortis
1192 1645 1359 1671 causam
1390 1630 1583 1670 intulisse

183 1698 374 1749 dicatur3
412 1699 505 1753 ipsa
542 1699 622 1739 viri
660 1698 842 1752 gravitas
882 1697 926 1737 in
963 1698 1222 1739 contrarium
1262 1697 1464 1751 disputat,
1505 1709 1582 1736 nec

181 1766 309 1806 fidem
337 1772 538 1816 meretur,
568 1766 684 1819 quod
715 1773 932 1806 tantorum
968 1765 1148 1805 salutem
1179 1771 1346 1805 natator
1374 1763 1582 1804 invalidus

182 1833 306 1873 undis
326 1833 545 1873 fallacibus
559 1833 848 1873 commisisset.
901 1831 1169 1873 Conscientia
1187 1839 1294 1872 teste
1315 1846 1427 1871 mors
1441 1831 1581 1871 minus

182 1916 309 1954 quain
329 1901 479 1941 modus
500 1900 648 1940 mortis
669 1900 880 1940 sollicitat.
944 1899 1030 1939 Sed
1049 1899 1129 1939 hoc
1161 1899 1283 1939 nobis
1307 1899 1352 1939 in
1383 1898 1579 1938 solatium

180 1969 308 2017 venit,
333 1968 447 2022 quod
478 1968 682 2022 scriptum
712 1967 882 2020 legitur,
906 1969 933 1988 “
951 1965 977 2006 J
982 1973 1114 2015 ustus,
1144 1981 1413 2020 quacumque
1444 1972 1578 2005 morte

178 2042 499 2089 praeoccupatus
519 2035 664 2083 fuerit,
686 2035 729 2074 in
749 2034 971 2087 refrigerio
993 2034 1115 2083 erit,⁷'
1139 2034 1234 2074 &C.¹

236 2102 451 2143 Caeterum
465 2101 738 2142 Antiochiam
751 2101 1044 2156 pervenientes
1059 2099 1323 2141 Christicolae
1337 2106 1434 2154 post
1445 2099 1581 2140 multa

175 2176 218 2210 et
238 2170 363 2223 longa
377 2169 543 2224 jejunia
562 2168 667 2209 cibis
689 2168 858 2209 edacius
878 2168 1146 2222 indulgentes
1173 2167 1406 2221 repletione
1437 2167 1579 2208 subita

176 2237 459 2285 suffocantur3
499 2235 643 2288 sicque
684 2250 790 2288 quos
828 2250 906 2275 nec
946 2235 1079 2275 hostis
1119 2250 1195 2274 nec
1234 2235 1365 2274 fames
1406 2235 1575 2283 vicerat,

174 2318 260 2357 pax
278 2303 367 2343 dira
383 2302 568 2357 perimit,
587 2302 755 2342 satietas
771 2301 1006 2355 perniciosa
1024 2301 1252 2354 extinguit.
1315 2300 1411 2340 Hoc
1429 2301 1576 2355 itaque

175 2378 260 2411 tam
284 2371 396 2424 turpi
416 2370 528 2410 facto
543 2385 638 2410 cum
660 2369 871 2409 exercitus
890 2369 997 2409 tanti
1020 2384 1114 2422 pars
1133 2369 1309 2422 amplior
1327 2368 1572 2417 interiisset,

173 2437 329 2491 reliqui
359 2437 521 2477 rediere
545 2436 872 2491 quamplurimi3
899 2451 994 2490 pars
1017 2436 1196 2485 modica,
1221 2451 1318 2489 quae
1343 2436 1572 2489 repatriare

173 2508 343 2562 puduit,
359 2508 435 2548 sub
450 2508 537 2547 filio
556 2507 828 2562 Imperatoris
845 2507 1015 2557 militat,
1035 2507 1101 2547 cui
1119 2507 1313 2561 princeps
1328 2506 1571 2546 Antiochiae

175 2583 306 2616 totam
335 2576 482 2616 urbem
515 2591 560 2615 ac
583 2575 840 2615 munitiones
873 2575 1087 2615 universas
1109 2574 1333 2615 contradit.
1393 2574 1570 2627 blajoris

172 2644 282 2684 enim
297 2644 475 2684 obtentu
489 2643 676 2698 praesidii
690 2644 837 2684 urbem
854 2643 966 2683 Duci
980 2643 1163 2684 ultronei
1173 2643 1366 2697 judicant
1379 2641 1570 2681 commit-

656 2732 663 2750 ¹
690 2732 741 2765 De
760 2732 938 2774 Vinesauf,
958 2744 989 2776 p.
1010 2734 1087 2765 266.
