1908 3135
492 227 554 258 DE
589 223 940 257 INSTRUCTIONE
976 222 1258 255 PRINCIPUM.
1486 213 1566 254 163

174 329 227 368 ad
275 328 353 369 hoc
392 327 553 382 duplex
589 326 713 380 plaga
752 323 912 373 referri,
954 323 1069 377 quod
1115 323 1275 377 duplici
1327 323 1565 364 discrimine

172 397 288 450 gravi
318 411 402 436 non
432 396 556 449 longe
595 401 706 448 post,
737 400 821 433 tam
856 391 988 445 Regis
1025 391 1239 430 exercitus
1275 404 1402 444 quam
1435 390 1566 430 Fran-

171 478 330 512 corum,
383 463 570 503 caedibus
623 468 666 501 et
715 459 919 500 incendiis
970 466 1100 511 atque
1156 457 1327 511 rapinis,
1389 471 1565 510 regnum

172 531 490 571 destruxerunt.
568 529 760 581 Dignum
803 527 872 566 1110
923 525 1051 565 etiam
1101 524 1144 564 id
1191 531 1343 564 notatu
1383 524 1563 574 videtur,

172 599 288 652 quod
315 597 417 652 quia
447 597 626 637 barones
647 593 820 647 Angliae
854 592 1008 640 miseri,
1043 592 1205 632 dictum
1238 591 1403 645 Regem
1439 606 1568 644 seque

171 680 353 719 suosque
384 664 492 704 male
523 669 753 716 regentem,
777 667 819 701 et
851 661 905 700 ob
927 660 1006 700 hoc
1037 660 1081 699 in
1103 658 1261 698 Christi
1283 673 1477 712 sponsam
1507 674 1572 698 60-

170 732 426 786 clesiamque
459 737 645 771 sanctam
690 736 774 770 tam
811 727 1011 768 atrociter
1042 726 1335 775 insanientem,
1373 726 1417 766 in
1453 726 1570 766 nullo

169 799 313 840 matris
342 814 430 839 suae
460 797 641 838 miseriae
671 797 737 836 vel
764 795 924 836 miserti
963 794 1030 834 vel
1065 793 1284 847 compassi,
1308 808 1571 847 compescere

168 867 347 907 viriliter
368 865 603 906 resistendo
625 864 839 911 nolebant,
862 862 949 902 dati
974 868 1074 901 sunt
1096 861 1232 901 eidem
1263 868 1306 900 et
1333 861 1413 914 ipsi
1443 861 1570 914 paulo

167 941 277 988 post,
300 933 464 974 ultione
484 947 559 987 per
581 940 805 972 extraneos
833 930 988 979 divina,
1011 929 1056 969 in
1078 928 1342 968 exitiabilem
1361 935 1404 967 et
1428 935 1570 968 exter-

168 1001 412 1042 minabilem
434 1001 536 1048 fere,
565 999 645 1040 nisi
674 998 882 1039 maturius
916 996 1149 1037 remedium
1177 1010 1200 1034 a
1228 995 1400 1036 Francis
1421 995 1567 1035 datum

168 1069 332 1117 fuisset,
359 1067 702 1108 destructionem.
760 1064 887 1105 Unde
916 1071 958 1104 et
987 1063 1125 1103 omine
1147 1062 1347 1111 infausto,
1371 1062 1486 1115 quod
1505 1062 1568 1101 in-

121 1145 126 1148 ’
169 1135 335 1177 terdicti
358 1143 546 1188 tempore
576 1142 619 1174 et
648 1132 955 1187 persecutionis
987 1130 1190 1179 ecclesiae,
1214 1129 1381 1183 quando
1416 1144 1567 1183 papam

167 1203 412 1256 curiamque
434 1202 671 1242 Romanam
694 1207 824 1241 totam
856 1199 907 1239 ad
944 1206 1169 1253 tyrannum
1198 1196 1568 1236 exterminandum

166 1269 437 1310 favorabilem
470 1269 624 1308 habere
656 1273 883 1321 potuerant
919 1272 962 1306 et
991 1264 1234 1319 propitiam,
1267 1263 1448 1316 aggressi
1483 1278 1566 1302 non

167 1344 300 1387 erant,
322 1336 415 1390 ipso
435 1335 707 1390 postmodum
739 1348 862 1388 papae
896 1331 1180 1379 reconciliato,
1203 1337 1246 1370 et
1265 1330 1439 1370 vassallo
1463 1345 1591 1389 quo&

167 1419 249 1458 que
272 1403 460 1443 ecclesiae
493 1402 715 1451 Romanae,
738 1415 861 1441 causa
890 1399 1038 1455 procul
1069 1398 1198 1438 dubio
1227 1404 1378 1446 metus,
1401 1397 1565 1445 effecto,

166 1472 344 1516 discrete
378 1470 530 1518 minus,
565 1469 666 1524 quia
695 1469 820 1522 longe
853 1467 1067 1508 difficilius
1099 1472 1141 1506 et
1171 1464 1463 1519 periculosiUS,
1496 1479 1565 1516 ag-

165 1538 295 1591 gressi
328 1537 515 1578 fuerunt.
578 1537 663 1576 Sed
703 1536 793 1575 haec
824 1534 1052 1582 hactenus3
1101 1539 1144 1573 et
1179 1547 1254 1571 nos
1289 1532 1341 1572 ad
1377 1530 1566 1570 materiae

165 1606 315 1646 seriem
337 1612 611 1646 revertamur.

699 1738 803 1778 CAP.
838 1735 1026 1778 XXIX.

179 1835 247 1876 De
268 1835 488 1874 visionibus
510 1835 638 1873 variis
660 1833 762 1872 dicti
782 1832 912 1885 Reyis
939 1829 1116 1870 Isenrici
1140 1829 1295 1882 [casum
1311 1830 1548 1881 proemtnci—

769 1897 965 1950 antibus]

219 2002 440 2044 VlsroNEs
473 2014 644 2055 quoque
684 1999 791 2039 tanti
835 2012 952 2037 casus
987 1996 1166 2051 praevias
1198 2002 1241 2035 et
1279 1995 1556 2049 praenuntias,
1577 1997 1767 2057 fiiffissffiessffi’sf.

162 2084 313 2124 parum
342 2075 439 2110 ante
471 2067 636 2108 obitum
667 2065 856 2119 ejusdem
887 2064 1009 2104 multi
1030 2063 1240 2103 viderunt.
1303 2062 1421 2102 Inter
1453 2078 1558 2116 quos
1574 2057 1704 2088 f0¹t¹¹¹⁷¹⁶⁵·

162 2144 205 2178 et
218 2136 323 2176 mihi
341 2143 440 2176 tunc
457 2134 615 2175 curiam
633 2131 830 2187 sequenti
846 2131 980 2172 visum
998 2137 1076 2180 est,
1095 2144 1268 2184 corpore
1283 2129 1415 2183 Regis
1438 2130 1557 2182 quasi

162 2211 264 2244 tunc
301 2203 460 2244 mortui
492 2202 536 2242 in
572 2201 760 2241 ecclesiae
795 2199 1014 2254 cujusdam
1046 2197 1150 2237 alam
1190 2197 1400 2237 sinistram
1433 2205 1556 2237 nocte

162 2271 316 2319 delato,
359 2269 501 2309 subito
544 2282 762 2308 corvorum
803 2265 1102 2318 cornicumque
1144 2271 1187 2303 et
1235 2263 1555 2303 monedularum

159 2337 318 2386 volatu,
341 2336 415 2389 qui
439 2335 557 2389 quasi
578 2348 633 2375 ex
659 2340 775 2374 tanta
803 2331 1122 2372 luminariorum
1142 2330 1261 2384 copia
1293 2330 1506 2384 perterriti
1533 2345 1556 2370 a

161 2403 438 2458 receptaculis
469 2402 555 2442 suis
583 2401 834 2448 exiliissent,
858 2398 1071 2452 lampades
1101 2412 1246 2437 omnes
1277 2397 1319 2436 in
1350 2397 1436 2436 alto
1454 2412 1560 2450 pen-⁴

160 2472 307 2512 dentes
338 2470 478 2511 subito
502 2469 725 2517 extinctas,
747 2475 790 2508 et
809 2466 1041 2507 confractas
1072 2465 1114 2505 in
1150 2465 1437 2519 pavimentum
1469 2479 1558 2504 cor-

159 2539 292 2580 ruisse
312 2556 322 2589 ;
345 2538 453 2579 cerei
474 2552 659 2591 quoque,
681 2549 862 2589 quorum
882 2533 965 2573 duo
987 2532 1039 2572 ad
1060 2532 1187 2586 pedes
1207 2531 1389 2579 stabant,
1412 2531 1557 2571 avibus

160 2606 317 2647 eisdem
355 2605 650 2659 dejicientibus
690 2601 871 2643 extincti
916 2608 1025 2640 sunt.
1105 2599 1205 2639 Duo
1244 2613 1341 2638 vero
1382 2598 1455 2651 qui
1505 2598 1557 2637 ad

160 2679 288 2727 caput
313 2672 443 2712 erecti
470 2671 653 2720 fuerant,
688 2669 936 2723 priusquam
971 2682 995 2707 a
1025 2665 1394 2707 circumstantibus
1423 2663 1558 2704 teneri

161 2746 346 2794 possent,
378 2754 454 2792 per
486 2753 528 2778 se
560 2738 604 2778 in
639 2745 791 2777 terram
829 2751 851 2775 a
887 2734 1145 2775 candelabris
1180 2733 1322 2787 elapsi,
1356 2729 1557 2772 confracti

1346 2809 1368 2828 M
1395 2798 1414 2828 ·2
