1908 3135
495 206 558 237 DE
593 204 945 237 INSTRUCTIONE
980 204 1261 238 PRINCIPUM.
1491 200 1568 238 101

179 302 391 353 severiter,
424 310 474 344 ut
505 304 596 344 falsi
630 305 928 359 praedicatores
966 305 1214 359 praedicant,
1247 305 1461 354 invadent,
1496 307 1574 346 etsi

177 370 312 410 multa
332 371 440 411 mala
459 386 536 426 per
557 372 738 411 diversas
758 372 951 426 regiones
974 387 1029 412 ex
1047 372 1110 412 his
1129 373 1331 412 oriantur.
1394 372 1574 422 Quarta,

178 451 276 490 quae
289 439 472 478 maxime
488 440 667 480 verenda
681 446 756 488 est,
771 439 950 494 planetis
965 439 1160 479 omnibus
1173 447 1215 480 et
1235 439 1377 480 Cauda
1390 440 1431 479 in
1448 439 1577 480 Libra

177 505 537 555 convenientibus,
554 520 634 547 XII.
654 507 720 546 die
736 506 948 556 Octobris,
968 507 1132 546 duabus
1153 506 1267 546 horis
1282 514 1377 546 ante
1395 508 1575 547 mediam

175 578 357 621 noctem,
400 588 483 626 qua
525 573 725 613 elucescit
765 573 866 614 dies.
946 573 1051 613 Inde
1096 573 1285 627 incipiet,
1327 582 1369 614 et
1410 574 1575 614 duobus

175 638 324 679 diebus
359 646 402 680 et
435 640 609 680 dimidio
642 640 824 681 durabit.
886 640 1130 681 Maximum
1167 648 1307 681 autem
1340 642 1574 682 remedium

173 705 216 744 in
254 706 346 747 istis
378 714 454 757 est,
479 708 594 761 quod
627 723 712 762 quo
745 709 882 763 majus
918 715 995 748 est.
1057 707 1249 750 Quintus
1271 708 1392 748 clima
1423 716 1465 748 et
1485 708 1575 749 loca

173 771 270 812 huic
291 773 429 814 vicina
450 775 667 829 potissime
690 775 860 815 invadet
880 792 889 824 3
911 782 954 816 et
980 775 1095 829 quod
1118 775 1211 816 haec
1242 776 1372 829 regio,
1397 783 1439 816 et
1466 791 1574 830 prae-

174 839 298 894 cipue
335 848 477 881 nostra
515 842 744 895 provincia,
791 842 996 883 minorem
1038 857 1163 896 quam
1200 849 1352 883 ceterae
1388 844 1574 897 patietur

172 907 349 948 ruinam.
414 908 465 948 In
486 908 588 948 locis
610 924 707 949 vero
729 909 863 949 solitis
885 910 1105 963 fumigate,
1138 918 1180 950 et
1214 925 1298 964 quo
1319 911 1457 951 minus
1479 926 1572 964 per·

171 976 238 1015 via
272 984 372 1017 sunt
406 977 520 1017 casui
552 993 627 1031 per
663 985 787 1018 terrae
820 985 996 1028 motum,
1031 978 1236 1019 faciendae
1285 987 1383 1018 sunt
1424 980 1571 1020 domus

172 1044 458 1084 subterraneae
480 1060 534 1085 ex
552 1045 796 1094 viminibus,
815 1061 994 1099 quarum
1013 1046 1237 1100 longitudo
1252 1054 1396 1099 vergat
1413 1047 1462 1086 ad
1478 1062 1571 1087 aus·

120 1133 124 1135 ·
173 1117 300 1159 trum,
324 1118 373 1151 ut
395 1111 478 1151 cito
490 1112 623 1166 possit
639 1119 790 1152 ventus
805 1113 928 1161 elabi,
951 1113 995 1152 in
1015 1113 1220 1153 lateribus
1242 1114 1452 1153 montium
1474 1129 1572 1154 ven-

172 1177 225 1217 tis
247 1178 552 1232 oppositorum,
574 1179 616 1218 in
634 1179 789 1232 quibus
811 1179 1028 1220 latendum
1052 1187 1128 1229 est,
1152 1188 1194 1220 et
1215 1181 1452 1221 electuariis
1474 1196 1572 1221 con-

172 1243 380 1284 fortativis
412 1253 455 1286 et
496 1246 850 1299 fumigationibus
892 1247 1114 1287 odoriferis
1154 1262 1208 1287 ex
1241 1248 1423 1296 olibano,
1455 1248 1571 1302 ligno

170 1311 296 1361 aloes,
320 1318 363 1352 et
383 1312 476 1352 aliis
497 1313 747 1362 aromaticis,
769 1320 943 1367 propter
970 1314 1077 1353 aeris
1098 1315 1426 1368 corruptionem,
1450 1323 1572 1355 uten-

171 1378 285 1419 dum.
364 1380 447 1420 Sed
485 1387 527 1420 et
566 1380 610 1420 in
650 1380 716 1420 his
756 1388 799 1421 et
845 1381 994 1421 ceteris
1042 1381 1224 1422 divinam
1263 1382 1570 1436 protectionem

171 1447 447 1488 exorandum.
509 1448 569 1488 Et
584 1463 661 1502 pro
679 1455 770 1488 rato
791 1448 995 1498 habeatis,
1021 1450 1135 1502 quod
1156 1465 1211 1490 ex
1233 1450 1376 1490 eadem
1401 1465 1483 1503 qua
1504 1450 1571 1491 hic

171 1513 447 1554 addiscuntur
489 1522 591 1564 arte,
628 1521 770 1555 nostra
814 1522 857 1555 et
904 1516 1082 1556 aliorum
1119 1524 1360 1557 constanter
1395 1518 1572 1572 promit-

171 1580 277 1620 titur
297 1581 507 1622 liberatio.
569 1581 652 1622 Ars
674 1582 786 1623 ultra
807 1598 1072 1623 communem
1104 1584 1324 1624 hominum
1357 1584 1571 1624 existima-

169 1648 327 1689 tionem
348 1664 390 1689 se
413 1649 596 1689 extollit.
660 1650 752 1690 Nec
773 1665 845 1690 vos
880 1657 1046 1690 moveat
1073 1652 1223 1691 acerba
1255 1652 1377 1691 minis
1404 1651 1571 1692 Toleta-

170 1731 319 1756 norum
360 1718 603 1770 promissio3
660 1717 860 1771 quoniam
903 1732 1000 1771 quae
1055 1718 1180 1757 nimis
1237 1719 1435 1759 severiter
1473 1733 1571 1772 pro-

168 1789 400 1829 mittuntur
431 1789 577 1829 mitius
614 1790 820 1839 accident,
842 1804 919 1830 nec
955 1789 1207 1843 generaliter
1240 1790 1433 1830 evenient
1469 1804 1566 1843 quae

168 1856 340 1910 publice
361 1856 690 1910 praedicantur.’⁷

228 1922 324 1963 Hoc
356 1923 509 1963 mirum
543 1924 655 1964 enim
688 1931 730 1964 et
765 1924 917 1964 rationi
941 1924 1154 1965 dissonum
1179 1932 1281 1974 erat,
1318 1927 1569 1979 perturbato

167 1991 315 2031 mundi
355 1991 492 2045 pretio
529 2007 575 2031 ac
622 1991 926 2046 Redemptore,
978 2007 1143 2032 necnon
1193 2000 1235 2032 et
1276 1993 1567 2034 universorum

169 2059 443 2109 Plasmatore,
466 2059 649 2099 mundus
671 2059 892 2099 universus
924 2060 1182 2109 turbaretur,
1203 2068 1245 2100 et
1275 2060 1389 2114 ligno
1412 2061 1567 2115 pretio-

167 2127 330 2167 sissimo
370 2127 413 2166 in
455 2142 540 2180 quo
578 2126 688 2166 salus
729 2134 853 2167 terrae
893 2126 1005 2167 facta
1049 2133 1112 2167 est
1152 2134 1237 2167 tam
1289 2128 1566 2169 irreverenter

166 2201 320 2244 amoto,
346 2201 470 2235 terrae
492 2193 735 2248 superficies
756 2195 1030 2234 moveretur?

755 2328 860 2369 CAP.
883 2328 989 2369 VII.

165 2430 232 2469 De
256 2429 410 2469 Comite
432 2429 618 2468 Ricardo
640 2430 720 2468 iter
748 2442 1000 2481 aygressuro,
1021 2427 1093 2467 secl
1105 2442 1185 2481 per
1198 2430 1337 2481 patris
1358 2429 1561 2468 malitiam

307 2496 513 2550 impedito,
537 2501 573 2535 el
595 2496 640 2535 ob
658 2495 730 2535 hoc
747 2495 802 2534 acl
816 2509 1008 2548 yuerram
1024 2495 1199 2534 animose
1221 2509 1422 2535 converso,

223 2595 310 2636 HIS
356 2595 486 2648 igitur
532 2594 590 2634 ita
641 2593 873 2648 completis,
907 2594 1090 2648 inclytus
1123 2595 1192 2635 ille
1232 2595 1557 2635 pictaviensium
1580 2609 1730 2633 Rich-ardis

1576 2643 1720 2673 prex-vnurd
1733 2643 1767 2674 by

167 2663 318 2702 Comes
340 2662 563 2707 Ricardus,
587 2661 660 2715 qui
675 2676 759 2701 non
772 2670 915 2715 petere
935 2662 1193 2716 exemplum,
1210 2664 1281 2702 sed
1295 2663 1389 2703 dare
1407 2664 1557 2716 dignus
1576 2675 1617 2699 his
1630 2676 1716 2700 father

1575 2709 1642 2732 from
1653 2709 1760 2740 joining

165 2736 268 2780 erat,
291 2730 401 2770 sicut
421 2729 582 2783 primus
603 2729 804 2769 extiterat
824 2729 864 2768 in
884 2729 1156 2782 obligatione,
1179 2730 1235 2769 sic
1254 2731 1413 2784 primus
1431 2731 1556 2770 immo
1575 2741 1619 2765 the
1633 2741 1760 2766 “ru-sade.
