1908 3135
395 261 447 300 12
457 262 482 300 8
808 270 1048 302 GIRALDUS
1084 269 1389 301 OAMBRENSIS

396 369 576 410 Crucem
598 370 836 421 reddemus,
852 377 895 410 et
914 369 1190 410 liberabimus
1212 383 1355 408 omnes
1374 366 1635 407 Christianos
1661 366 1793 420 capti-

394 452 466 477 vos
497 438 571 491 qui
607 445 707 478 sunt
741 438 785 477 in
816 444 907 478 tota
939 443 1050 476 terra
1084 441 1240 484 nostra,
1279 441 1322 475 et
1351 433 1648 488 permittemus
1674 433 1791 473 vobis

396 505 447 545 ad
484 505 754 559 sepulchrum
791 519 878 544 esse
914 518 1047 543 unum
1080 502 1352 550 sacerdotem,
1387 508 1429 540 et
1463 500 1686 540 reddemus
1722 500 1794 539 ab-

395 573 529 613 batias
561 588 658 626 quae
689 572 881 612 solebant
915 585 1002 611 esse
1035 578 1225 623 tempore
1263 568 1518 622 Paganismi,
1552 574 1595 607 et
1632 567 1793 606 bonum

397 640 457 680 eis
477 640 692 688 faciemus,
716 646 759 680 et
788 638 1081 693 permittemus
1101 636 1344 691 peregrinos
1363 636 1505 675 venire
1532 635 1578 674 in
1600 640 1690 674 tota
1708 633 1794 673 vita

398 714 554 756 nostra,
595 714 638 747 et
674 705 925 746 habebimus
963 704 1178 744 vobiscum
1219 718 1378 756 pacem.
1442 701 1572 743 Quod
1611 700 1645 740 si
1683 707 1796 740 carta

400 789 497 827 quae
525 773 577 814 ad
607 788 683 813 nos
704 772 818 812 venit
847 786 923 826 per
953 786 1102 811 manus
1135 769 1315 810 Henrici
1344 768 1566 817 nominati,
1599 767 1654 807 sit
1684 773 1796 807 carta

400 841 547 893 Regis,
585 840 825 893 scripsimus
861 845 1017 877 cartam
1057 837 1181 876 istam
1221 851 1297 890 pro
1330 850 1545 890 responso,
1596 840 1638 874 et
1678 834 1797 874 Deus

401 908 534 960 erigat
553 922 628 946 nos
650 907 701 946 ad
722 905 945 945 consilium
966 919 1090 943 suum
1112 918 1186 943 sua
1206 903 1438 942 voluntate.

460 977 486 995 ‘⁶
503 973 627 1013 Carta
646 973 737 1012 haec
759 971 912 1025 scripta
933 970 1018 1010 fuit
1033 984 1140 1010 anno
1155 969 1359 1009 adventus
1375 967 1641 1023 [Prophetae]
1666 968 1797 1008 nostri

402 1040 642 1081 Mahumeti
665 1037 1005 1093 quingentesimo
1027 1044 1069 1077 et
1092 1050 1278 1076 LXXXIV.
1300 1036 1435 1089 gratia
1456 1036 1539 1076 Dei
1563 1035 1742 1075 So]ius.”
1758 1037 1770 1058 ¹

462 1108 585 1149 Hanc
618 1107 788 1161 superbi
809 1113 852 1147 et
882 1105 1064 1145 infidelis
1095 1105 1261 1159 tyranni
1293 1104 1526 1158 epistolam,
1550 1119 1645 1144 cum
1676 1104 1800 1158 nugis

404 1175 503 1224 suis,
537 1174 784 1228 magnificus
818 1173 1055 1226 Imperator
1093 1178 1381 1220 contemnens,
1424 1171 1570 1224 dignas
1609 1171 1800 1225 principe

403 1242 484 1281 iras
514 1241 720 1295 concepit,
745 1247 787 1280 et
808 1239 860 1279 ad
887 1239 999 1279 bella
1019 1239 1121 1279 totis
1152 1238 1374 1278 affectibus
1395 1238 1606 1278 a1·descit.2
1668 1238 1802 1292 Cujus

405 1316 448 1348 et
468 1323 544 1348 nos
568 1308 649 1348 iter
668 1307 919 1359 itinerisque
947 1306 1110 1346 labores
1132 1312 1175 1345 et
1196 1305 1480 1354 difficultates,
1503 1320 1707 1358 casusque
1739 1320 1802 1345 se-

404 1375 562 1416 cundos
612 1382 655 1414 et
703 1388 884 1428 asperOS,
927 1373 1069 1412 exitus
1123 1387 1294 1426 quoque
1344 1372 1650 1421 lamentabiles,
1692 1373 1802 1412 sicut

404 1442 603 1483 historica
634 1441 809 1481 veritate
857 1446 956 1480 sunt
997 1439 1235 1493 explanata,
1277 1439 1582 1491 luculentoque
1622 1439 1719 1478 stilo
1759 1446 1802 1479 et

406 1509 547 1549 studio
569 1507 903 1561 exquisitissimo
928 1513 1114 1555 exarata,
1137 1506 1313 1559 dignum
1345 1505 1546 1544 duximus
1578 1505 1800 1546 declarare.

406 1575 469 1616 Ut
489 1583 631 1615 autem
661 1574 827 1628 plenius
856 1573 935 1613 hoc
958 1580 1000 1613 et
1022 1573 1246 1613 dilucidius
1278 1573 1528 1621 innotescat,
1552 1573 1603 1612 ab
1630 1572 1694 1612 his
1725 1573 1799 1626 qui

406 1644 456 1683 de
478 1642 659 1682 transitu
679 1642 867 1695 ejusdem
896 1656 972 1696 per
994 1640 1228 1695 Ungariam
1252 1639 1578 1694 anticipavimus
1602 1646 1644 1680 et
1674 1640 1801 1694 paulo

405 1709 607 1750 remotius
629 1709 854 1749 ordiemur,

973 1888 1080 1929 CAP.
1104 1887 1243 1929 XIX.

413 1991 608 2036 Qualiter
629 1993 864 2046 Imperator
886 2007 969 2045 per
997 1991 1224 2045 Unyariam
1245 1995 1326 2032 iter
1339 1994 1536 2047 arripuit,
1555 1998 1595 2032 et
1613 1991 1807 2033 Danubio

572 2060 746 2099 transito
766 2073 848 2112 perr
875 2059 915 2098 V
910 2059 1117 2112 ulyariam
1140 2060 1183 2098 in
1204 2060 1497 2100 Macedoniam
1518 2061 1641 2100 vem't.

196 2181 365 2212 TheEmpe-
471 2169 698 2210 CAESAREM
734 2169 878 2222 itaque
915 2168 1046 2208 totius
1095 2168 1263 2222 imperii
1298 2176 1537 2222 sequuntur
1575 2175 1804 2221 magnateS,

196 2222 239 2239 ror
251 2222 343 2246 passes

196 2247 325 2312 ξιζῗὲξὶίιῆ
416 2244 458 2277 et
484 2237 597 2290 apud
629 2236 912 2289 Moguntiam,
937 2235 1010 2275 ubi
1033 2250 1087 2274 ex
1118 2235 1254 2275 edicto
1285 2235 1492 2289 imperiali
1513 2242 1805 2283 convenerant,

196 2311 370 2370 'ghtehgerfidy
416 2319 500 2344 una
539 2318 682 2342 omnes
715 2310 757 2342 et
796 2302 1049 2342 unanimiter
1081 2317 1223 2342 omnes
1264 2302 1306 2342 in
1339 2309 1485 2342 votum
1517 2309 1602 2342 tam
1635 2301 1804 2341 eximiae

199 2379 309 2404 Greeks·
414 2369 764 2424 peregrinationis
784 2369 1078 2423 p1·oclamant,³
1100 2373 1125 2391 ‘⁶
1141 2369 1183 2410 A
1205 2369 1392 2409 Domino
1414 2369 1573 2409 factum
1595 2375 1657 2408 est
1677 2368 1804 2417 istud,

462 2485 470 2503 ¹
495 2484 578 2516 This
590 2483 689 2516 letter
702 2483 882 2516 concludes
898 2483 1073 2516 inamuch
1189 2483 1201 2501 ³
1228 2482 1301 2515 The
1319 2482 1434 2515 Abbot
1449 2482 1486 2515 of
1507 2481 1723 2525 Coggeshale,
1751 2481 1808 2514 de-

416 2542 507 2562 more
534 2529 686 2562 Oriental
713 2529 779 2561 and
807 2529 939 2561 tedious
977 2529 1074 2573 style,
1144 2529 1293 2572 scribing
1318 2529 1375 2561 the
1398 2528 1607 2561 enthusiasm
1634 2527 1679 2571 by
1696 2527 1806 2560 which

416 2588 451 2608 as
470 2587 547 2619 may
569 2575 610 2606 be
636 2586 715 2607 seen
741 2575 775 2606 in
794 2574 903 2619 Ralph
930 2575 1076 2618 Coggcs-
1144 2574 1187 2606 all
1207 2586 1293 2607 were
1311 2574 1478 2616 actuated,
1496 2573 1572 2606 tells
1591 2584 1641 2615 us,
1660 2572 1731 2605 that
1750 2573 1806 2605 the

416 2621 492 2653 hale
506 2620 571 2652 and
584 2620 706 2653 others.
744 2620 758 2652 I
777 2620 862 2652 have
880 2620 1022 2652 omitted
1038 2621 1074 2662 it,
1144 2632 1222 2664 very
1248 2620 1370 2653 monks
1388 2619 1521 2653 forsook
1540 2618 1625 2651 their
1642 2618 1806 2660 cloisters,

415 2678 452 2699 as
475 2667 500 2698 it
527 2666 679 2698 contains
706 2665 848 2709 nothing
876 2666 913 2697 of
938 2666 1076 2698 interest
1144 2666 1209 2698 and
1240 2666 1405 2709 throwing
1434 2665 1527 2698 aside
1556 2664 1612 2696 the
1636 2664 1718 2696 cowl
1750 2664 1806 2696 de-

416 2723 508 2744 more
526 2711 606 2743 than
624 2711 658 2743 in
676 2711 732 2743 the
749 2717 835 2744 text.
1144 2712 1259 2755 parted
1278 2712 1328 2744 sor
1345 2712 1402 2744 the
1422 2723 1530 2755 camp.
1582 2710 1654 2742 Thc
1683 2709 1807 2754 Empe-

461 2759 473 2776 ²
499 2756 817 2790 Hanc—ardescit.
884 2756 986 2790 From
1024 2757 1076 2790 Dc
1144 2769 1197 2789 ror
1236 2757 1418 2790 Frederick
1456 2758 1514 2799 (he
1553 2756 1658 2800 says),
1680 2756 1713 2788 in
1755 2755 1807 2788 his

417 2802 592 2845 Vinesauf,
610 2814 641 2847 p.
661 2804 739 2836 260.
1144 2803 1258 2836 march
1286 2803 1429 2847 through
1452 2803 1617 2846 Hungary
1635 2801 1699 2835 and
1720 2801 1808 2834 Con-
