1908 3135
504 236 567 267 DE
602 235 955 267 INSTRUCTIONE
992 237 1274 269 PRINCIPUM.
1537 228 1591 272 73

191 336 325 390 clytos
367 335 524 377 habens
576 351 702 390 quam
750 336 950 386 illustres,
998 351 1151 391 magno
1189 344 1331 378 tamen
1383 337 1589 379 absolutae

190 403 406 444 felicitatis
453 404 772 458 impedimento,
805 403 946 445 forsan
981 419 1037 445 ex
1075 403 1252 453 meritis,
1291 419 1454 459 semper
1495 405 1590 446 odio

190 484 449 525 prosequens
487 485 770 521 successores3
805 477 848 512 et
878 471 1078 526 quoniam
1117 471 1302 512 humana
1332 471 1591 525 prosperitas

190 538 300 578 sicut
320 553 396 579 nec
419 546 640 593 perpetua,
663 538 720 579 sic
752 539 887 579 nescit
907 554 995 580 esse
1026 539 1227 593 perfecta,
1250 538 1466 592 exquisita
1488 554 1590 592 qua-

190 605 283 646 dam
304 605 490 646 fortunae
511 606 686 655 malitia,
709 607 822 646 unde
849 606 1005 647 habere
1028 606 1232 647 debuerat
1252 605 1469 660 gaudium,
1491 606 1588 647 inde

186 671 391 725 gladium3
412 672 525 713 unde
543 673 827 724 securitatem,
844 673 942 714 inde
960 674 1160 723 securi1n3
1184 674 1297 714 unde
1315 688 1474 728 pacem,
1489 673 1588 714 inde

186 746 369 792 pestem3
389 739 502 780 unde
515 739 825 790 fortitudinem,
840 741 937 781 inde
952 740 1322 795 ingratitudinem3
1342 741 1454 781 unde
1469 741 1588 795 quic-

187 813 273 846 tem
289 812 332 847 et
353 807 719 861 tranquillitatem,
742 823 904 849 summa
918 823 1014 849 cum
1032 808 1331 863 inquietudine
1354 808 1587 863 suscipiens

187 873 486 915 turbationem.
550 874 677 915 Unde
698 875 764 916 vel
796 875 940 930 aliquo
977 876 1178 916 maritalis
1212 876 1378 930 copulae
1400 875 1583 925 vinculo,

186 941 251 981 vel
282 947 505 995 parentum
527 941 712 983 criminis
735 942 963 997 cujuslibet
985 942 1183 992 vindicta,
1207 943 1374 983 videtur
1395 943 1585 983 accidere

187 1009 302 1062 quod
322 1023 397 1049 nec
418 1008 550 1062 patris
570 1007 614 1048 in
635 1008 759 1058 filios,
782 1023 859 1049 nec
880 1009 1066 1050 filiorum
1086 1009 1131 1049 in
1151 1017 1384 1064 parentem,
1407 1025 1482 1050 nec
1500 1010 1585 1050 fra-

186 1083 299 1116 trum
332 1076 444 1115 inter
479 1090 536 1124 se,
573 1082 637 1115 est
667 1090 765 1116 vera
797 1075 1030 1116 concordia.
1093 1076 1283 1117 Sublatis
1324 1077 1465 1117 statim
1499 1083 1585 1116 tam

185 1142 303 1196 regni
338 1142 631 1183 detentoribus
663 1157 789 1196 quam
822 1142 936 1196 pacis
969 1143 1159 1198 ejusdem
1197 1143 1583 1198 perturbatoribus,

185 1217 269 1250 tam
291 1209 492 1250 fratribus
514 1216 556 1249 et
573 1209 671 1249 filiis
694 1224 866 1264 quoque
889 1225 1016 1263 quam
1050 1210 1213 1260 alienis,
1238 1218 1323 1251 tam
1345 1210 1584 1251 domesticis

184 1291 311 1331 quam
351 1276 579 1326 extraneis,
617 1276 692 1317 diu
730 1277 783 1317 ad
813 1284 960 1317 votum
1000 1278 1269 1318 succedentia
1304 1284 1456 1318 cuncta
1494 1293 1584 1318 sus-

184 1343 356 1397 cipiens,
398 1350 441 1384 et
479 1343 643 1384 utinam
684 1343 852 1384 finalem
895 1344 975 1384 sibi
1013 1344 1126 1384 hunc
1167 1344 1358 1385 divinum
1398 1344 1585 1385 favorem

184 1411 320 1464 dignis
342 1425 516 1465 operum
537 1410 700 1451 meritis
721 1410 787 1451 vel
806 1411 849 1450 in
870 1410 954 1450 fine
975 1425 1275 1465 recognoscens
1295 1414 1304 1453 !

241 1478 568 1532 Quemcumque
588 1478 654 1519 vel
689 1477 817 1518 semel
851 1477 895 1518 in
936 1477 1043 1519 facie
1080 1478 1286 1518 attentius
1321 1478 1582 1533 inspexerat,

183 1560 440 1599 quamquam
460 1545 503 1586 in
527 1552 644 1586 tanta
665 1544 857 1598 quotidie
885 1545 1160 1585 multitudine
1183 1546 1454 1595 constitutus,
1476 1560 1585 1586 nun-

184 1627 310 1666 quam
361 1613 542 1668 amplius
592 1612 788 1667 ignotum
843 1612 1052 1662 habebat3
1106 1612 1311 1666 quicquid
1359 1613 1584 1667 aliquando

181 1680 382 1721 memoria
422 1681 596 1735 dignum
637 1681 842 1732 audierat,
884 1697 1106 1736 nunquam
1145 1697 1171 1722 a
1208 1689 1349 1722 mente
1391 1683 1582 1723 decidere

180 1756 360 1802 poterat.
421 1749 546 1789 Unde
589 1756 631 1789 et
669 1749 942 1790 historiarum
985 1750 1174 1790 omnium
1213 1750 1301 1790 fere
1342 1758 1581 1804 promptam

179 1816 375 1856 notitiam
411 1823 454 1857 et
485 1823 731 1856 cunctarum
768 1831 908 1857 rerum
940 1816 1249 1870 experientiam
1276 1817 1582 1871 propemodum

178 1884 230 1923 ad
248 1898 419 1924 manum
437 1883 644 1934 habebat3
678 1890 721 1923 et
741 1889 791 1923 ut
825 1883 969 1937 paucis
1003 1883 1188 1938 plurima
1217 1884 1478 1932 concludam,
1501 1884 1535 1923 si
1558 1899 1582 1924 a

179 1950 365 1991 Domino
400 1950 583 1991 finaliter
618 1950 777 1991 electus
811 1950 973 2000 fuisset,
1004 1958 1046 1991 et
1081 1951 1133 1991 ad
1155 1951 1262 2005 Ejus
1297 1950 1500 2005 obsequia
1536 1966 1579 1991 se

179 2018 447 2068 converterit,
488 2018 600 2058 inter
639 2017 788 2058 mundi
828 2018 1056 2073 principes,
1098 2018 1243 2059 multis
1285 2025 1374 2058 erat
1412 2025 1577 2058 naturae

179 2085 349 2126 dotibus
383 2085 736 2140 incomparabilis.
814 2084 899 2126 Sed
935 2085 1026 2126 haec
1060 2085 1278 2134 haetenus,
1315 2100 1391 2125 nec
1422 2092 1578 2139 praeter

176 2168 264 2194 rem
287 2161 440 2204 tamen,
463 2153 617 2195 cursim
639 2160 682 2194 et
701 2153 886 2193 breviter
906 2153 973 2194 hic
997 2153 1201 2194 delibasse
1224 2151 1458 2205 sufficiat.]¹

729 2288 834 2329 CAP.
868 2288 1030 2329 XXX.

368 2386 585 2428 Notabiles
606 2387 649 2426 in
671 2385 829 2440 Awylicz
845 2387 973 2425 nostri
996 2387 1187 2440 temporis
1208 2388 1402 2426 eventus?

234 2488 499 2529 NOTABILES
522 2486 654 2541 igitur
680 2485 813 2526 nostri
842 2485 1041 2539 temporis
1072 2485 1115 2524 in
1144 2484 1344 2539 Angliam
1369 2485 1571 2525 adventus
1589 2501 1708 2525 Notahle

1588 2538 1679 2558 events
1687 2534 1786 2566 during

175 2564 218 2598 et
252 2556 454 2597 memoria
486 2555 632 2608 dignos
671 2560 844 2594 eventus
885 2552 1199 2593 occasionaliter
1234 2552 1495 2602 interserere,
1530 2560 1572 2592 et
1588 2567 1630 2591 his
1643 2567 1728 2599 reign.

176 2625 296 2679 quasi
338 2624 416 2664 sub
452 2622 619 2676 epilogo
656 2620 699 2660 in
732 2620 919 2660 medium
960 2620 1183 2670 deducere,
1225 2634 1307 2659 non
1349 2619 1570 2673 indignum

224 2721 232 2740 ¹
259 2721 420 2766 Supplied
438 2721 522 2753 from
546 2719 603 2752 the
623 2719 705 2753 Hib.
725 2719 838 2764 Exp.;
956 2719 968 2738 ²
992 2718 1165 2763 Repcatcd
1230 2718 1263 2751 in
1305 2718 1361 2750 thc
1422 2718 1570 2752 author's

175 2767 236 2801 but
254 2767 396 2801 omitted
414 2767 448 2800 in
467 2766 524 2800 the
542 2766 617 2799 MS.
911 2764 1051 2798 Hibern.
1073 2765 1232 2809 Expugn.
1251 2777 1282 2808 p.
1302 2767 1380 2797 2³03.
