1908 3135
367 289 419 329 62
769 297 1010 329 GIRALDUS
1046 295 1342 328 CAMBRENSIS

365 396 431 437 Eo
451 402 593 436 autem
613 394 819 436 curiosius
848 395 1117 436 altitudinem
1139 401 1255 435 tuam
1279 395 1321 434 in
1345 400 1461 434 tanta
1481 393 1760 448 oppressionis

365 463 561 517 angustia
591 462 786 503 convenit
816 462 1022 512 laborare,
1056 462 1172 516 quod
1204 468 1357 502 terram
1391 461 1524 515 ipsam
1555 460 1665 514 regis
1698 461 1762 500 in-

365 530 522 583 telligis
551 529 753 583 praesidio
783 529 1045 578 destitutam,
1068 536 1112 569 et
1143 535 1274 570 totam
1304 542 1419 582 spem
1441 543 1529 568 suae
1551 526 1760 567 defensio-

365 597 431 637 nis
462 596 596 651 ipsius
627 611 822 651 proceres
851 596 896 636 in
918 603 1005 636 tuae
1028 595 1335 650 magnitudinis
1374 595 1592 635 duxerunt
1619 600 1762 648 patro-

367 664 479 705 cinio
499 664 797 705 collocandam.
858 662 989 705 Quod
1011 663 1109 703 inde
1132 662 1283 703 clarius
1305 672 1379 703 tua
1398 661 1600 702 serenitas
1618 666 1762 715 potest

366 745 604 786 agnoscere,
627 730 728 784 quia
757 745 942 771 summos
971 736 1096 770 terrae
1127 730 1243 770 illius
1278 736 1322 770 et
1352 729 1595 783 magnificos
1617 728 1761 768 defen—

366 813 494 848 sores,
528 798 812 839 venerabilem
848 798 1023 838 fratrem
1065 804 1257 838 nostrum
1290 796 1538 837 Heraclium
1579 795 1763 836 Patriar-

367 866 502 915 cham,
534 872 578 905 et
609 865 810 906 dilectum
840 865 977 904 filium
1012 871 1204 904 nostrum
1236 863 1493 917 Magistrum
1526 862 1763 917 Hospitalis

366 932 420 971 ad
458 938 575 971 tuam
612 931 907 971 excellentiam
943 931 1222 980 destinarunt,
1258 937 1308 970 ut
1337 940 1396 971 ‘ex
1428 931 1616 984 ipsorum
1654 945 1764 984 prae-

367 998 501 1038 sentia
549 997 809 1038 considerata
853 997 1059 1050 dignitate
1106 997 1401 1051 perpendereS,
1435 1004 1595 1051 quanta
1635 997 1765 1038 fucrit

368 1064 627 1105 necessitatis
663 1064 870 1118 angustia,
902 1079 979 1118 pro
1015 1078 1100 1118 qua
1139 1078 1285 1104 eorum
1321 1064 1532 1105 sustinent
1567 1071 1653 1105 tam
1689 1065 1764 1105 diu

369 1147 507 1173 carere
537 1131 750 1186 praesidio,
783 1138 833 1172 ut
863 1146 939 1186 per
977 1131 1090 1186 ipsos
1123 1131 1290 1172 facilius
1322 1131 1375 1171 ad
1404 1138 1501 1172 vota
1537 1147 1612 1172 sua
1647 1138 1765 1172 tuam

369 1199 636 1240 devotionem
680 1199 898 1240 inclinent.
976 1199 1104 1240 Viros
1142 1198 1273 1252 igitur
1311 1198 1525 1253 praefatOS,
1562 1206 1764 1253 tanquam

368 1267 421 1307 ab
442 1267 534 1321 ipso
555 1266 740 1307 Domino
762 1266 840 1307 tibi
862 1266 1092 1307 destinatos
1122 1265 1306 1320 benigne
1335 1266 1536 1320 suscipias
1557 1273 1600 1307 et
1619 1267 1764 1307 debita

369 1333 570 1374 charitate
583 1340 828 1388 pertractes,
844 1348 1074 1388 eorumque
1090 1333 1447 1388 postulationibus
1465 1339 1584 1374 tanto
1596 1334 1763 1375 facilius

368 1401 623 1454 acquiescas,
641 1408 800 1455 quanto
818 1415 906 1441 suae
920 1401 1137 1454 gravitatis
1154 1407 1197 1441 et
1215 1401 1447 1442 honestatis
1463 1401 1627 1442 intuitu
1645 1402 1764 1442 favor

369 1476 432 1509 est
453 1468 513 1509 eis
546 1476 590 1510 et
610 1469 745 1523 gratia
771 1469 1026 1510 exhibenda.
1088 1469 1198 1510 Sane
1227 1469 1386 1510 recolat
1419 1469 1645 1523 prudentia
1676 1476 1763 1519 tua,

368 1542 412 1576 et
445 1535 624 1576 sollicita
662 1551 891 1590 securaque
922 1536 1197 1577 meditatione
1227 1536 1413 1577 revolvat
1444 1537 1764 1591 promissionem

367 1604 496 1653 illam,
519 1619 604 1658 qua
624 1605 674 1645 de
694 1605 977 1659 impendendo
999 1605 1240 1659 saepedictae
1269 1611 1393 1646 terrae
1425 1605 1624 1660 praesidio
1645 1613 1762 1647 tuam

369 1671 664 1712 celsitudinem
696 1671 922 1725 obligasti3
956 1680 999 1713 et
1029 1673 1089 1713 ita
1119 1673 1165 1713 in
1195 1673 1271 1713 hac
1301 1679 1422 1727 parte
1451 1680 1494 1713 te
1523 1680 1695 1714 cautum
1718 1680 1761 1714 et

369 1739 605 1779 studiosum
641 1738 857 1790 exhibeas,
887 1746 938 1780 ut
969 1747 1011 1780 te
1041 1740 1085 1780 in
1117 1740 1336 1780 tremendo
1362 1739 1525 1794 judicio
1557 1746 1631 1781 tua
1663 1756 1762 1781 con-

369 1806 544 1846 scientia
565 1821 650 1846 non
683 1814 875 1856 accuset3
919 1813 962 1847 et
997 1807 1106 1862 Ejus
1142 1807 1216 1860 qui
1252 1821 1338 1847 non
1372 1807 1547 1856 fallitur,
1584 1807 1763 1848 districti

368 1872 395 1913 J
398 1873 532 1913 udicis
553 1873 830 1927 interrogatio
850 1889 936 1915 non
958 1874 1247 1915 condemnet.”

428 1940 599 1982 Quibus
635 1941 695 1981 ita
729 1942 906 1995 patratis
944 1942 1068 1982 solita
1101 1956 1186 1995 qua
1215 1957 1314 1996 erga
1342 1942 1503 1996 legatos
1539 1949 1763 1984 extraneos

369 2021 534 2060 semper
573 2007 840 2048 urbanitate¹
876 2008 1146 2062 praecellebat
1179 2009 1293 2058 Rex,
1336 2009 1635 2060 Patriarcham,
1667 2025 1764 2051 cum

370 2088 522 2126 magno
575 2073 685 2114 sicut
723 2074 899 2115 decebat
952 2075 1126 2124 honore,
1167 2076 1379 2129 suscepit:
1431 2092 1764 2131 responsumque

372 2155 496 2180 suum
532 2154 667 2193 usque
698 2140 941 2182 Londonias
983 2143 1099 2195 quod
1135 2149 1265 2196 caput
1305 2149 1368 2183 est
1414 2143 1548 2197 regni,
1589 2152 1762 2198 propter

373 2208 489 2261 quod
531 2214 575 2248 et
614 2208 717 2248 illuc
758 2208 983 2249 concilium
1023 2209 1180 2263 grande
1220 2210 1340 2263 regni
1377 2210 1509 2251 totius
1544 2212 1763 2252 convocari

367 2275 511 2329 jussit,
535 2290 591 2315 ex
613 2275 824 2316 industria
844 2277 1181 2330 proterminavit.

427 2343 443 2366 2
461 2342 498 2383 O
522 2348 680 2396 quanta
710 2348 796 2383 tam
827 2342 960 2398 Regis
982 2358 1110 2397 quam
1130 2344 1249 2398 regni
1275 2344 1422 2399 gloria,
1453 2345 1569 2398 quod
1587 2352 1763 2400 praeter-

370 2409 505 2449 missis
522 2416 565 2449 et
577 2409 807 2463 praeteritis
824 2417 908 2450 tam
924 2410 1258 2465 Imperatoribus
1272 2426 1399 2465 quam
1412 2419 1618 2454 terrarum
1632 2413 1764 2469 Regi-

370 2476 451 2516 bus
471 2483 515 2517 et
536 2476 806 2531 Principibus
830 2478 1005 2528 cunctis,
1028 2485 1229 2532 tanquam
1259 2479 1304 2519 in
1333 2481 1482 2521 mundi
1511 2481 1650 2521 medio
1679 2497 1764 2522 non

370 2544 501 2584 fuerit
512 2544 628 2584 locus
643 2545 743 2585 huic
763 2546 962 2595 remedio,
978 2546 1023 2586 in
1042 2547 1155 2588 hunc
1175 2548 1343 2589 finalem
1359 2549 1472 2590 orbis
1488 2550 1704 2603 angulum,
1721 2557 1765 2591 et

372 2610 493 2664 quasi
510 2612 680 2652 secretis
697 2612 951 2665 quibusdam
971 2614 1115 2654 oceani
1136 2616 1366 2656 secessibus
1387 2617 1531 2657 orbem
1551 2617 1764 2667 alterum,³

372 2678 424 2718 ad
445 2684 574 2718 tantae
596 2678 885 2719 subventionis
903 2680 1064 2721 auxilia
1083 2682 1335 2735 requirenda
1354 2684 1599 2738 pervenitur
1615 2687 1624 2726 3

422 2765 430 2783 ¹
465 2766 663 2809 Urbalitam
684 2767 757 2800 MS.
1152 2770 1164 2789 ³
1188 2770 1410 2815 Alterutrum,
1430 2771 1504 2806 MS.

425 2812 437 2830 ²
458 2812 510 2846 Cf.
530 2811 671 2847 Hibern.
692 2813 849 2858 Expugn.
866 2813 912 2847 ib.
