1908 3135
413 291 490 331 142
550 286 561 303 ‘⁴
811 301 1050 333 GIRALDUS
1085 300 1382 333 CAMBRENSIS

407 398 483 438 tali
531 398 738 438 fallaciam
787 406 935 452 aptans
988 406 1031 439 et
1084 398 1285 439 talionem
1346 404 1567 452 praestanS,
1627 397 1800 437 minime

406 466 649 505 salvandum
681 465 935 519 procuravit.
997 464 1205 506 Advertat
1243 465 1310 504 hic
1347 465 1473 504 etiam
1503 463 1648 513 lector,
1685 464 1799 517 quod

403 532 512 572 sicut
532 532 633 572 Rex
662 532 755 581 iste,
788 532 894 572 male
923 547 965 572 se
996 546 1160 585 regens,
1184 538 1346 585 patrem
1375 546 1498 571 suum
1520 530 1797 585 spiritualem,

403 599 748 640 Cantuariensem
771 598 1165 653 Archiepiscopum,
1192 613 1327 652 usque
1360 599 1412 638 ad
1437 604 1615 638 mortem
1638 604 1799 652 tempo-

399 667 527 706 ralem
568 666 764 720 persequi
805 681 889 705 non
925 666 1112 715 cessavit,
1147 667 1204 706 sic
1238 681 1315 721 per
1351 665 1608 719 exquisitam
1643 665 1795 705 divinae

399 733 595 774 vindictae
630 733 856 788 justitiam,
901 734 1089 786 ejusdem
1128 733 1204 773 filii
1245 733 1429 772 carnales
1467 738 1631 786 patrem
1670 747 1794 772 suum

399 800 605 840 carnalem
640 815 775 854 usque
797 801 850 840 ad
885 800 1105 840 interitum
1136 800 1425 853 temporalem,
1448 807 1491 840 et
1515 800 1679 839 utinam
1711 814 1794 839 non

399 868 655 915 aeternalem,
678 873 777 907 sunt
797 867 1042 920 pe1·secuti.¹

455 934 703 973 Notandum
732 933 801 973 hic
832 940 975 973 autem
1007 948 1095 973 esse
1116 933 1299 983 videtur,
1323 932 1438 986 quod
1459 933 1653 985 equidem
1677 933 1794 973 valde

396 1000 582 1040 notabile
604 1000 762 1049 censui,
794 999 995 1053 quoniam
1026 999 1070 1039 in
1093 1000 1305 1053 colloquio
1328 1000 1526 1054 quodam,
1550 999 1627 1039 sub
1649 1006 1792 1039 monte

398 1067 652 1120 Martyrum,
689 1082 774 1107 non
814 1066 962 1120 procul
999 1067 1050 1106 ab
1091 1067 1196 1107 urbe
1234 1066 1476 1115 Parisiensi,
1508 1066 1622 1106 inter
1662 1067 1795 1107 dictos

396 1134 654 1175 Francorum
671 1140 713 1174 et
731 1133 971 1187 Anglorum
986 1134 1127 1187 Reges
1147 1134 1328 1183 habito?
1345 1134 1419 1174 ubi
1441 1134 1543 1174 Rex
1558 1132 1795 1174 Lodovicus

395 1216 511 1241 more
560 1201 684 1241 solito
735 1201 918 1241 multum
957 1200 1177 1249 laboravit,
1219 1215 1465 1254 quanquam
1505 1200 1702 1249 inaniter,
1742 1201 1795 1240 ad

395 1282 542 1321 pacem
591 1267 852 1308 formandam
898 1267 1010 1308 inter
1048 1267 1213 1320 Regem
1263 1268 1517 1316 Henricum,
1566 1267 1642 1320 qui
1692 1274 1792 1307 tunc

396 1335 511 1388 apud
548 1335 750 1375 Sanctum
791 1335 1046 1388 Dionysium
1088 1335 1209 1388 quasi
1246 1335 1324 1374 sub
1358 1340 1577 1388 praetextu
1608 1334 1795 1388 peregri-

396 1401 579 1441 nationis
600 1401 837 1450 advenerat,
861 1409 903 1441 et
924 1400 1306 1455 Archiepiscopum
1331 1401 1551 1450 Thomam,
1575 1401 1648 1454 qui
1671 1408 1714 1441 et
1734 1401 1794 1441 ibi

397 1475 497 1508 tunc
529 1474 631 1516 erat,
656 1474 698 1507 et
727 1468 779 1507 ad
805 1468 884 1508 hoc
917 1467 1018 1507 illuc
1039 1474 1211 1508 vocatus
1249 1468 1402 1516 fuerat,
1426 1474 1468 1507 et
1500 1468 1670 1507 demum
1690 1483 1793 1521 pace

395 1551 479 1576 non
514 1535 802 1589 proveniente,
835 1542 878 1576 et
914 1535 1033 1588 Rege
1068 1534 1256 1575 Henrico
1291 1541 1542 1584 revertente,
1567 1534 1793 1589 Philippus

400 1602 603 1643 Lodovici
626 1601 756 1656 Regis
782 1602 894 1643 filius
927 1609 970 1642 et
1000 1602 1137 1642 haeres
1161 1609 1261 1643 tunc
1292 1617 1398 1657 puer
1435 1602 1555 1655 quasi
1577 1603 1790 1656 septennis

396 1670 597 1718 existens,
654 1670 816 1723 Regem
874 1669 1111 1710 Hem-icum
1150 1669 1321 1709 honoris
1368 1683 1492 1709 causa
1529 1669 1655 1709 simul
1694 1684 1790 1710 cum

393 1744 512 1791 patre
534 1736 761 1777 conviando
783 1743 825 1777 et
846 1736 1106 1785 deducendo,
1129 1736 1268 1790 ipsum
1287 1736 1331 1776 in
1353 1736 1645 1790 hujuscemodi
1665 1737 1792 1777 verba

394 1804 613 1843 convenit:
648 1803 774 1843 “Pro
811 1810 930 1857 patre
970 1818 1065 1843 meo
1099 1803 1192 1852 tibi,
1233 1803 1348 1852 Rex,
1390 1803 1597 1857 supplico,
1638 1818 1789 1857 rogans

394 1871 595 1923 quatinus
615 1871 753 1924 ipsum
776 1870 871 1924 plus
905 1870 1028 1910 solito
1061 1870 1224 1924 diligas,
1258 1870 1383 1924 eique
1418 1870 1554 1910 fidelis
1586 1871 1786 1920 existens,

392 1938 443 1977 ab
481 1939 571 1991 ejus
603 1937 653 1977 de
674 1944 829 1977 caetero
848 1936 1072 1977 vexatione
1104 1937 1291 1977 desistas.
1353 1936 1438 1976 Pro
1472 1943 1585 1977 certo
1606 1952 1789 1992 namque

392 2004 585 2044 noverint
636 2019 792 2053 omneS,
835 2004 950 2057 quod
1006 2004 1081 2057 qui
1134 2003 1276 2058 ipsum
1325 2004 1370 2043 in
1417 2004 1496 2044 hac
1543 2010 1669 2045 aetate
1715 2020 1790 2045 sua

392 2071 614 2110 molestare
646 2071 768 2110 senili
797 2071 1129 2124 praesumpserit,
1163 2071 1347 2110 ultorem
1380 2071 1461 2111 sibi
1494 2071 1786 2124 gravissimum

391 2151 466 2190 per
488 2136 571 2176 Dei
597 2136 788 2189 gratiam,
811 2152 907 2176 cum
937 2137 1054 2176 locus
1086 2137 1255 2176 affuerit
1285 2144 1328 2177 et
1359 2143 1528 2191 tempus
1555 2138 1785 2188 advenerit,

391 2219 458 2243 me
494 2203 765 2244 constituet.”
837 2204 952 2243 Mira
982 2203 1115 2256 igitur
1150 2204 1193 2242 in
1230 2218 1363 2257 puero
1395 2205 1646 2258 prudentia!
1682 2206 1788 2246 mira

393 2285 563 2324 quoque
597 2271 756 2310 futurae
791 2270 1016 2324 probitatis
1035 2270 1193 2310 innatae
1230 2278 1273 2311 et
1308 2271 1584 2311 animositatis
1614 2271 1784 2322 indicia,

391 2344 435 2377 et
454 2337 674 2391 promissio
696 2337 807 2377 facta
828 2337 947 2390 quasi
967 2336 1218 2391 prophetico
1249 2337 1403 2391 spiritu
1438 2338 1753 2379 comminatoria
1772 2342 1781 2381 !

392 2405 492 2458 quia
527 2404 757 2459 praemissa,
781 2411 824 2444 et
854 2412 1068 2457 tamquam
1099 2405 1177 2444 sub
1200 2404 1367 2445 talionis
1387 2405 1668 2446 retributione
1688 2422 1786 2461 pro-

390 2472 528 2520 missa,
549 2472 696 2525 paucis
718 2471 896 2511 evolutis
928 2471 1201 2525 postmodum
1222 2472 1341 2512 annis
1362 2470 1654 2522 consecutivis,
1678 2480 1721 2513 et
1739 2474 1785 2514 in

392 2545 517 2578 aetate
550 2538 719 2586 tenella,
760 2538 958 2578 mirandis
992 2536 1164 2591 quidem
1200 2539 1435 2588 eventibus,
1472 2546 1617 2579 contra
1651 2546 1783 2581 tantae

389 2604 594 2658 potentiae
617 2604 743 2643 simul
764 2611 806 2644 et
825 2604 1055 2657 opulentiae
1076 2604 1324 2658 principem,
1339 2620 1491 2659 magno
1512 2620 1608 2646 cum
1631 2606 1785 2647 effectu

392 2678 492 2711 sunt
511 2670 730 2724 completa.

440 2769 447 2787 ¹
476 2769 549 2801 The
582 2780 673 2801 same
707 2768 889 2801 sentiment
929 2769 957 2801 is
991 2780 1044 2802 ex-
1169 2770 1182 2788 ²
1206 2771 1308 2803 “An
1329 2771 1430 2812 1169,
1460 2771 1546 2804 infra
1574 2778 1708 2806 octavas
1749 2773 1782 2808 S.

391 2815 527 2859 pressed
544 2814 590 2858 by
608 2814 784 2858 Rigordus,
803 2826 836 2858 p.
856 2816 909 2847 29.
1122 2813 1298 2848 Martini.'’
1349 2816 1402 2859 (N
1406 2828 1456 2850 ov.
1478 2818 1548 2861 18.)
1586 2817 1753 2862 Bouquet.
