1908 3135
516 235 579 266 DE
615 231 963 265 INSTRUOTIONE
999 228 1280 260 PRINCIPUM.
1514 213 1594 256 173

202 349 278 388 per
311 334 450 374 omnia
478 347 787 388 perversorum,
811 331 957 385 quales
988 329 1054 369 hic
1084 326 1310 382 praenotati
1344 324 1599 378 praescripti-

205 417 287 455 que
309 402 500 450 fuerunt,
524 401 576 441 ad
596 415 743 440 manus
774 399 941 453 piorum
962 395 1200 451 principum
1233 400 1276 433 et
1305 391 1599 444 benignorum,

204 476 443 522 cunctaque
477 483 552 522 per
589 467 702 507 orbis
734 466 902 506 climata
932 464 1057 504 laude
1089 462 1328 515 dignorum,
1353 471 1533 511 quorum
1559 464 1601 495 et

204 535 272 575 hie
302 550 475 589 quoque
506 548 642 574 mores
671 548 716 573 ac
745 532 891 571 modos
919 546 973 570 ex
1003 537 1122 584 parte
1154 526 1439 581 depinximus,
1463 524 1603 563 divina

207 602 498 656 dispositione,
522 615 620 654 quae
649 607 735 639 tam
770 598 893 638 bonis
930 611 1056 650 quam
1086 595 1205 635 malis
1241 592 1454 633 interdum
1476 591 1602 631 etiam

203 669 247 709 in
271 669 392 709 terris
426 668 553 721 digna
572 665 787 714 retribuit,
810 665 970 704 viribus
992 662 1179 703 etarmis
1206 662 1295 714 jam
1329 660 1601 699 devenerunt.

205 735 266 775 Et
287 735 397 775 sicut
418 735 462 774 in
483 735 743 775 Francorum
772 746 915 786 regno,
939 730 997 770 sic
1029 737 1072 770 et
1101 729 1144 769 in
1168 727 1406 781 Anglicano
1436 724 1605 779 procul-

207 802 339 843 dubio
362 802 642 850 devenissent,
664 801 697 840 si
729 800 916 840 debitam
947 798 1039 838 istis
1070 797 1178 837 sicut
1210 796 1292 835 illis
1320 795 1450 848 juxta
1476 792 1601 832 fidem

207 876 250 910 et
270 869 592 924 promissionem
619 867 804 908 ecclesiis
836 881 981 921 pacem
1003 871 1046 905 et
1072 862 1349 904 reverentiam
1385 859 1603 902 exhibuis-

207 944 284 977 set.
348 936 436 977 Sed
456 936 548 976 haec
569 936 788 975 hactenus.

269 1004 402 1044 Porro
445 1011 494 1044 ut
538 1003 591 1043 ad
641 1003 808 1057 Regem
848 1001 1029 1050 Rufum,
1071 1007 1167 1054 post
1206 997 1483 1052 digressiones
1521 1010 1604 1035 non

207 1071 397 1120 inutiles,
424 1077 695 1111 revertamur.
760 1070 844 1110 Hie
874 1083 1046 1123 quoque
1079 1067 1244 1107 Novam
1276 1066 1318 1104 in
1350 1062 1605 1104 australibus

210 1138 382 1192 Angliae
405 1138 598 1192 partibus
612 1138 844 1186 Forestam,
865 1151 962 1190 quae
986 1150 1120 1189 usque
1141 1133 1267 1174 hodie
1290 1132 1426 1180 durat,
1444 1129 1606 1184 primus

209 1206 426 1256 instituit3
466 1205 613 1245 multis
652 1204 811 1244 ibidem
852 1203 1050 1251 ecclesiis,
1083 1202 1126 1241 in
1167 1201 1323 1254 quibus
1365 1198 1504 1238 divina
1553 1197 1604 1236 ab

210 1273 390 1327 antiquo
413 1272 615 1312 celebrari
647 1271 851 1324 obsequia
884 1278 927 1310 et
960 1270 1093 1324 ipsius
1129 1267 1342 1323 praeconia
1374 1263 1605 1311 sublimari,

209 1340 386 1381 desertis
408 1339 579 1379 omnino
602 1346 645 1378 et
667 1337 898 1386 destitutis,
921 1337 1153 1389 multisque
1182 1333 1374 1375 ruricolis
1397 1338 1439 1372 et
1467 1331 1605 1384 glebae

209 1407 402 1461 ascriptis
440 1422 463 1446 a
495 1405 683 1460 paternis
715 1405 876 1445 laribus
908 1411 952 1444 et
986 1403 1096 1457 agris
1129 1401 1267 1442 avitis1
1312 1398 1607 1440 miserabiliter

209 1474 447 1529 profugatis
469 1480 512 1513 et
530 1473 789 1527 proscriptis.

269 1541 510 1582 Videbatur
540 1541 673 1595 igitur
694 1541 730 1580 ei
759 1546 883 1580 nocte
906 1539 1087 1594 quadam
1108 1539 1151 1578 in
1185 1537 1341 1578 somnis
1362 1550 1455 1576 cum
1481 1534 1609 1574 fores-

211 1617 298 1650 tam
325 1608 455 1658 illam,
479 1623 606 1662 quam
638 1622 726 1662 prae
764 1607 930 1647 caeteris
962 1606 1135 1660 Angliae
1168 1605 1264 1659 plus
1296 1603 1462 1652 dilexit,
1485 1617 1606 1642 mane

211 1675 393 1716 venandi
432 1675 574 1715 studio
613 1675 729 1714 adire
765 1682 964 1729 parasset,
1003 1673 1117 1727 quod
1151 1671 1366 1712 ecclesiam
1398 1670 1608 1723 quandam

211 1743 405 1791 intraret,
429 1757 555 1796 quam
577 1742 681 1782 adeo
702 1742 920 1796 pulchram
944 1749 987 1781 et
1008 1740 1224 1780 decentius
1246 1748 1432 1778 ornatam
1456 1737 1608 1777 auletis

212 1809 439 1859 historicis,
463 1817 506 1850 et
524 1809 722 1863 pretiosis
745 1809 998 1849 Graecorum
1019 1808 1171 1862 palliis,
1193 1806 1344 1861 pannis
1364 1805 1607 1845 holosericis

215 1885 258 1918 et
288 1877 514 1931 purpureis
535 1876 727 1930 undique
762 1876 971 1925 vestitam,
995 1875 1126 1915 textis
1147 1872 1406 1928 philacteriis
1429 1879 1471 1911 ct
1502 1871 1608 1911 fere-

215 1946 290 1986 tris
311 1960 413 1985 auro
435 1951 478 1985 et
498 1945 624 1984 ebore
645 1944 845 1984 districtis
865 1943 1127 1997 gemmisque
1148 1941 1426 1995 fulgentibus,
1442 1939 1608 1993 qualem

215 2020 339 2053 antea
354 2027 438 2052 non
451 2012 623 2051 videbat
634 2011 892 2065 insignitam.
927 2010 1098 2053 Quibus
1115 2024 1210 2049 cum
1227 2007 1502 2048 admiratione
1513 2021 1610 2046 con-

215 2080 421 2127 sideratis,
438 2094 534 2119 cum
556 2079 684 2133 paulo
700 2086 798 2132 post
818 2078 1058 2132 respiceret,
1073 2077 1180 2116 vidit
1197 2074 1413 2115 ecclesiam
1435 2074 1609 2114 eandem

214 2155 302 2188 tam
324 2147 432 2187 circa
458 2146 641 2201 parietes
674 2160 800 2200 quam
822 2145 952 2185 altare
985 2159 1042 2185 ex
1074 2151 1163 2184 toto
1191 2143 1407 2190 nudatam,
1429 2141 1612 2181 cunctis-

216 2229 300 2268 que
323 2214 479 2267 quibus
509 2213 721 2253 illustrata
740 2212 894 2261 fuerat,
918 2212 1134 2251 destituta.
1197 2209 1447 2263 Respiciens
1468 2215 1610 2247 autem

216 2281 357 2330 tertio,
379 2280 487 2321 vidit
506 2279 719 2319 hominem
741 2278 904 2318 nudum
926 2292 1052 2330 super
1072 2277 1201 2317 altare
1217 2277 1427 2330 jacentem
1460 2282 1610 2314 exten-

217 2363 323 2388 sum.
386 2347 529 2389 Quem
560 2361 656 2386 cum
687 2345 870 2385 intuitus
902 2344 1066 2392 fuisset,
1102 2343 1151 2383 de
1187 2342 1382 2382 carnibus
1422 2341 1610 2395 ejusdem

217 2415 359 2456 statim
382 2413 599 2454 comedere
620 2428 706 2452 non
726 2411 995 2452 mediocriter
1022 2409 1207 2450 esurivit
1270 2409 1447 2449 Ferrum
1478 2408 1609 2461 igitur

218 2497 409 2531 exerens,
425 2496 510 2535 quo
525 2480 636 2534 cingi
657 2485 945 2525 consueverat,
963 2478 1013 2518 ad
1035 2477 1164 2532 pedes
1185 2476 1370 2517 accessit.
1414 2475 1610 2529 Cumque

216 2565 356 2591 secare
386 2549 522 2590 frusta
553 2553 596 2587 et
626 2561 818 2601 separare
846 2546 934 2599 jam
967 2551 1148 2599 pararet,
1182 2551 1267 2584 tam
1295 2543 1506 2591 atrociter,
1530 2543 1610 2597 ipsi

216 2618 276 2657 vir
313 2616 384 2656 ille
418 2614 638 2669 respondit
673 2628 768 2654 cum
804 2612 870 2653 his
904 2612 1067 2652 verbis:
1111 2614 1136 2633 “
1157 2610 1256 2651 Non
1298 2610 1396 2650 satis
1437 2618 1497 2649 est
1531 2610 1606 2649 tibi

218 2684 332 2738 quod
367 2699 432 2723 me
469 2681 598 2723 tantis
626 2681 829 2721 hactenus
860 2679 1227 2719 molestationibus
1265 2677 1487 2724 infestasti,
1528 2677 1606 2716 nisi

781 2766 785 2783 ¹
815 2766 940 2807 Auctis,
968 2765 1041 2798 MS.
