1908 3135
384 262 465 301 122
794 274 1034 308 GIRALDUs
1069 277 1368 310 GAMBRENSIS

381 370 524 423 paruit
566 370 656 411 haec
698 372 848 425 passio,
891 380 1106 428 tamquam
1145 390 1267 416 cruce
1312 378 1401 431 jam
1441 378 1605 431 perdita
1646 386 1689 419 et
1725 380 1776 420 de

381 437 520 477 medio
567 438 746 488 sublata,
789 439 903 479 illam
952 455 1079 494 quam
1129 442 1174 482 in
1214 457 1335 484 cruce
1389 444 1469 485 sibi
1520 445 1778 499 adquisierat

379 503 521 544 hostes
567 505 606 545 ei
659 506 889 559 majestatis
939 507 1115 560 gloriam
1160 509 1326 550 auferre
1367 511 1660 562 contendunt3
1710 513 1776 553 vel

378 571 534 624 potius,
567 572 678 612 sicut
710 573 754 612 in
787 580 898 614 terra
932 574 1004 614 illa
1039 589 1152 615 sacra
1186 591 1313 630 quam
1345 585 1441 632 post
1475 585 1540 619 tot
1579 586 1622 620 et
1660 587 1776 621 tanta

377 639 602 692 corporalis
650 641 893 693 praesentiae
937 656 1026 682 suae
1074 651 1344 694 sacramenta,
1385 646 1554 686 demum
1603 648 1774 701 proprio

375 719 522 745 cruore
568 708 837 757 consecravit,
873 708 1018 749 fideles
1063 710 1143 759 sul,
1179 725 1265 751 non
1303 712 1348 751 in
1383 727 1506 753 cruce
1539 729 1665 764 nunc,
1702 716 1775 755 sed

372 771 416 811 in
451 773 576 812 armis
610 780 653 814 et
683 774 835 814 bellico
869 776 1095 817 certamine
1133 777 1244 831 passi
1283 786 1396 828 sunt,
1433 779 1491 819 sic
1530 795 1647 820 suam
1683 781 1772 835 ipse

371 840 606 892 passionem
626 841 762 890 istam,
787 856 913 895 quam
937 843 982 882 in
1005 843 1091 883 suis
1113 844 1423 896 quodammodo
1445 861 1557 887 nunc
1577 847 1770 897 sustinet,

373 906 449 945 ubi
487 906 531 945 in
564 909 784 960 majestate
822 908 939 948 Patri
974 916 1210 963 corregnat,
1251 926 1337 951 non
1376 912 1420 951 in
1460 928 1583 954 cruce
1621 914 1769 965 voluit,

373 972 445 1011 sed
473 972 518 1011 in
541 973 666 1012 armis
688 980 732 1014 et
751 974 905 1014 bellico
927 975 1119 1015 tumultu
1140 976 1355 1018 declarari.
1419 977 1541 1019 Sicut
1560 987 1605 1020 et
1625 982 1770 1021 eodem

372 1038 568 1092 supplicii
595 1054 749 1092 genere
772 1055 856 1093 quo
879 1041 1030 1082 Romae
1062 1057 1261 1096 passurus
1291 1051 1381 1084 erat
1403 1044 1570 1095 Petrus,
1603 1062 1645 1087 se
1667 1063 1773 1101 quo--

372 1120 453 1158 que
500 1121 721 1160 passurum
768 1107 812 1146 in
854 1108 982 1149 Petro
1023 1116 1202 1150 testatus
1253 1117 1331 1160 est,
1373 1118 1416 1151 et
1472 1113 1562 1167 ipse
1600 1114 1767 1155 dicens:

372 1173 552 1214 “Venio
586 1174 767 1214 Romam
797 1175 954 1215 iterum
986 1176 1215 1230 crucifigi.’'
1275 1177 1427 1218 Totam
1451 1179 1596 1234 itaque
1628 1182 1770 1222 caeles-

370 1246 455 1279 tem
489 1241 649 1280 curiam
689 1242 795 1281 caedi
835 1257 911 1296 per
943 1243 1272 1297 compassionem
1307 1245 1433 1285 simili
1465 1253 1602 1301 strage
1634 1249 1770 1302 desig-

368 1307 498 1355 navit,
530 1322 626 1347 suos
648 1308 790 1349 volens
811 1310 863 1349 ad
883 1309 1111 1350 vindictam
1141 1310 1207 1350 vel
1230 1311 1335 1351 tanti
1357 1312 1511 1353 doloris
1530 1315 1768 1356 ostensione

368 1374 599 1425 provocari.
671 1376 739 1416 De
767 1391 866 1417 voce
902 1383 1045 1417 autem
1076 1377 1149 1417 illa
1180 1393 1204 1417 a
1237 1378 1426 1419 barbaris
1458 1380 1689 1435 incipiente
1725 1390 1769 1423 et

368 1439 413 1478 in
448 1439 602 1481 Latina
632 1443 760 1483 verba
800 1443 1080 1485 descendente
1113 1445 1219 1498 quid
1260 1445 1364 1485 mihi
1396 1447 1576 1496 videtur,
1614 1449 1768 1490 edisse-

367 1521 469 1547 ram.
532 1508 723 1559 “Woth,
748 1510 926 1560 Woth,”
959 1510 1196 1551 Teutonica
1228 1511 1374 1565 lingua
1406 1514 1525 1567 quasi
1555 1516 1767 1568 geminata

371 1573 551 1614 dolentis
582 1575 820 1630 interjectio
843 1585 918 1618 est.
982 1578 1103 1618 Idem
1135 1593 1232 1632 ergo
1264 1586 1385 1619 sonat
1414 1595 1460 1621 ae
1491 1581 1525 1621 si
1556 1582 1768 1624 diceretur

371 1643 397 1660 “
414 1640 524 1690 Vhe,
540 1642 650 1692 Vhe,
670 1644 797 1684 Pater
819 1652 861 1685 et
881 1645 1040 1695 Filius3
1074 1645 1185 1695 Vhe,
1203 1646 1314 1696 Vhe,
1339 1647 1523 1701 Spiritus
1546 1648 1766 1691 Sanctus.’'

371 1707 437 1747 De
483 1709 700 1761 juncturae
741 1725 923 1765 namque
960 1713 1121 1755 ratione
1175 1728 1259 1753 non
1301 1714 1495 1765 discutio,
1537 1716 1765 1757 dummodo

371 1776 583 1816 sententia
603 1784 758 1830 pateat.

430 1841 559 1883 Quod
599 1859 697 1897 ergo
736 1845 847 1886 inter
886 1853 950 1887 tot
998 1847 1240 1901 linguarum
1279 1863 1434 1901 genera
1471 1849 1654 1903 luguber
1692 1851 1764 1892 ille

369 1908 563 1961 planctus
599 1926 623 1951 a
655 1911 890 1952 Teutonica
920 1913 1067 1967 Hngua
1098 1914 1231 1968 coepit
1268 1922 1310 1954 et
1340 1915 1591 1957 terminatus
1625 1925 1688 1959 est
1719 1920 1761 1959 111

371 1973 537 2026 Latina,
561 1978 795 2031 significare
815 1986 956 2033 potest
979 1981 1093 2034 quod
1106 1996 1195 2035 prae
1214 1981 1339 2021 variis
1352 1983 1501 2022 mundi
1521 1985 1764 2026 nationibus

371 2041 620 2084 Teutonicae
652 2052 817 2085 tantum
855 2054 896 2086 et
928 2047 1094 2087 Latinae
1123 2048 1282 2102 linguae
1317 2049 1500 2102 populis,
1530 2066 1762 2106 eorumque

368 2109 564 2163 principi,
601 2111 828 2151 Salvatoris
867 2113 1022 2167 injuria
1057 2114 1184 2166 (sicut
1218 2115 1415 2155 vindictae
1457 2116 1638 2157 declarat
1676 2134 1763 2159 ma-

370 2176 545 2229 turatio)
597 2178 773 2218 molesta
818 2179 1000 2220 videtur.
1082 2181 1209 2221 Absit
1258 2182 1369 2221 enim
1419 2189 1468 2223 ut
1518 2183 1568 2223 de
1617 2185 1764 2226 futura

368 2241 559 2283 fidelium
611 2251 748 2296 strage
788 2252 832 2285 et
878 2247 1094 2301 praecipue
1145 2248 1400 2302 populorum
1439 2250 1669 2290 eorundem
1718 2253 1761 2292 111

368 2308 496 2364 hujus
526 2311 812 2364 expeditionis
844 2327 1057 2367 aggressu,
1088 2315 1225 2368 passio
1254 2315 1319 2355 vel
1353 2315 1546 2370 planctus
1581 2316 1761 2373 intelligi

367 2379 523 2429 queat.¹

425 2444 583 2485 Videat
621 2445 753 2499 igitur
789 2447 922 2488 lector
958 2448 1312 2501 quemadmodum
1347 2449 1462 2502 quod
1501 2465 1556 2490 ex
1590 2451 1762 2493 visionis

367 2518 518 2550 natura
548 2513 713 2553 evenire
743 2528 865 2567 posse
886 2515 1074 2564 verebar,
1098 2516 1298 2568 quoniam
1321 2516 1366 2556 id
1387 2517 1558 2569 quidem
1587 2518 1760 2559 minime

368 2577 559 2618 volebam
609 2580 748 2619 minus
799 2582 1003 2634 expressi,
1045 2581 1117 2622 sed
1156 2589 1297 2623 tamen
1346 2583 1553 2625 intactum
1592 2600 1648 2625 ex
1696 2586 1760 2626 in-

418 2710 425 2727 ¹
454 2710 526 2742 The
562 2710 726 2743 Hibernia
765 2710 885 2755 Expug
884 2718 968 2743 1111111
998 2712 1036 2743 of
1100 2712 1210 2745 follow
1244 2725 1333 2757 upon
1369 2714 1424 2746 the
1457 2714 1561 2747 111)ο1ε
1594 2717 1758 2749 111111111110

370 2756 528 2789 (xil-aldus
554 2768 621 2789 was
647 2769 674 2788 11
679 2757 778 2788 rltten
806 2768 838 2788 111
868 2756 924 2789 the
954 2769 1033 2800 year
1099 2758 1219 2802 belong
1245 2765 1278 2791 to
1303 2772 1322 2791 a
1348 2760 1554 2803 subsequent
1578 2762 1704 2805 posted,
1722 2775 1758 2795 as

372 2803 471 2836 1187.
532 2801 604 2835 The
638 2802 785 2835 lemarks
813 2802 923 2835 which
956 2814 1030 2835 now
1098 2804 1155 2837 the
1173 2816 1207 2836 re
1209 2804 1289 2838 ader
1306 2805 1373 2838 will
1391 2806 1496 2850 easily
1514 2807 1675 2850 pelceive.
