1908 3135
482 235 544 266 DE
579 235 929 268 INSTRUCTIONF.
964 238 1245 270 PRINCIPUM.
1506 234 1557 271 45)

159 348 255 374 rum
290 335 467 388 argenti,
490 335 732 377 dividendas
763 352 839 391 pcr
870 352 1040 378 manum
1073 346 1115 377 et
1150 338 1284 379 visum
1315 338 1557 380 Abbatissae

164 400 312 442 Fontis
334 402 531 443 Ebrardi.

220 470 246 489 “
267 468 669 511 sanctimonialibus
691 470 836 512 Sancti
859 471 1040 526 Sulpicii
1062 471 1369 526 [Britanniae1,]
1391 487 1427 514 c.
1451 489 1559 514 mar-

161 549 229 574 cas
250 536 427 589 argenti.

221 605 248 623 “
268 602 429 644 Domui
456 612 500 646 et
536 606 615 646 toti
636 606 773 646 ordini
805 607 991 647 Grandis
1029 607 1207 655 Montis,
1247 621 1366 648 MMM.
1400 623 1558 649 marcas

160 670 338 723 argenti.

218 740 246 759 ‘⁶
266 737 427 780 Domui
449 749 491 782 et
512 742 591 783 toti
611 743 748 784 ordini
771 743 993 793 Cartusiae,
1019 758 1102 785 MM.
1125 758 1282 784 marcas
1304 745 1480 798 argenti.

219 807 246 826 “
263 805 425 847 Domui
446 808 497 848 de
520 809 724 850 Cistercio
746 818 790 851 et
810 811 1007 851 omnibus
1028 811 1222 852 domibus
1244 811 1377 866 ipsius
1400 812 1556 852 ordinis

160 871 368 927 (exceptis
389 875 586 917 domibus
607 878 797 932 ejusdem
819 878 990 927 ordinis,
1011 893 1108 932 quae
1131 879 1175 918 in
1197 884 1308 918 terra
1328 893 1421 919 mea
1441 888 1553 929 sunt,

160 939 315 992 quibus
349 942 522 984 divisam
555 959 690 984 meam
724 945 838 998 feci),
876 959 959 986 MM.
984 961 1141 986 marcas
1173 945 1334 999 argenti
1366 946 1555 986 dividen-

159 1005 230 1046 das
251 1022 328 1061 per
346 1024 517 1051 manum
539 1019 582 1052 et
602 1012 738 1052 visum
759 1012 943 1053 Abbatis
958 1016 973 1037 ‘²
991 1012 1185 1053 Cistercii
1204 1020 1245 1052 et
1270 1012 1301 1052 C
1307 1012 1525 1053 larevallis.

218 1077 245 1096 “
263 1074 424 1116 Domui
448 1077 639 1118 Cluniaci
669 1092 714 1120 M.
738 1094 895 1119 marcas
933 1080 1112 1133 argenti,
1136 1087 1290 1134 practer
1330 1079 1407 1119 hoc
1441 1081 1556 1133 quod

114 1145 118 1148 ”
159 1141 295 1182 eidem
326 1143 471 1183 domui
487 1145 809 1194 accommodavi,
835 1146 950 1198 quod
981 1146 1019 1185 ei
1050 1146 1252 1198 perd-om),
1286 1146 1367 1185 nisi
1398 1146 1442 1185 in
1470 1146 1555 1187 vita

158 1223 247 1249 mea
270 1217 462 1263 repetere
478 1212 665 1252 voluero.

217 1280 244 1298 “
258 1277 418 1318 Domui
440 1279 619 1333 Majoris
654 1280 897 1320 monasterii
931 1280 1121 1334 perdono
1144 1293 1189 1319 Μ.
1214 1294 1372 1319 marcas
1392 1280 1555 1333 argenti

158 1358 261 1398 quas
283 1345 322 1385 ei
343 1347 615 1396 commodavi,
638 1347 717 1387 nisi
739 1362 807 1388 eas
827 1347 870 1387 in
892 1347 978 1387 vita
994 1362 1088 1387 mea
1107 1353 1300 1400 repetere
1323 1346 1509 1388 voluero.

216 1415 243 1434 “
265 1412 664 1455 Sanctimonialibus
677 1415 805 1469 juxta
828 1414 990 1455 Camac'
1014 1429 1052 1455 C.
1073 1415 1254 1454 marcas³
1276 1414 1453 1467 argenti.

216 1482 243 1501 “
262 1479 423 1520 Domui
450 1481 500 1522 de
521 1481 848 1522 Praemonstrate
871 1488 914 1522 et
930 1482 1010 1522 toti
1033 1481 1169 1522 ordini
1194 1481 1403 1535 (exceptis
1424 1482 1558 1521 domi—

157 1547 237 1587 bus
266 1548 453 1602 ejusdem
483 1549 642 1589 ordinis
671 1564 767 1604 quae
799 1549 843 1589 in
876 1558 987 1590 terra
1014 1564 1107 1590 mea
1132 1549 1266 1601 sunt),
1300 1562 1364 1590 CC.
1399 1564 1557 1590 marcas

157 1616 335 1668 argenti.

215 1685 242 1703 “
259 1682 418 1724 Domui
442 1685 493 1725 de
516 1685 652 1726 Aroes
673 1693 716 1727 et
737 1686 817 1727 toti
839 1686 975 1727 ordini
998 1686 1206 1740 (exceptis
1228 1685 1423 1725 domibus
1447 1685 1558 1739 ejus-

158 1749 252 1789 dem
274 1751 432 1791 ordinis
454 1759 578 1793 terrae
599 1754 740 1806 meae),
763 1767 801 1793 c.
823 1768 982 1793 marcas
1003 1753 1180 1806 argenti.

215 1820 241 1838 ‘⁶
259 1817 331 1857 Ad
350 1818 603 1859 maritandas
618 1834 825 1873 pauperes
841 1826 883 1859 et
898 1819 1050 1858 liberas
1063 1819 1240 1858 feminas
1262 1818 1434 1871 Angliae
1458 1833 1555 1871 quae

155 1891 298 1925 carent
328 1885 502 1934 auxilio,
526 1899 620 1927 ccc.
642 1901 800 1926 marcas
835 1886 941 1935 auri,
965 1886 1205 1926 dividendas
1227 1900 1301 1939 per
1321 1899 1491 1925 manum
1515 1892 1557 1925 et

156 1951 291 1992 visum
310 1952 484 1993 Ricardi
498 1953 820 2003 Wintoniensis,
840 1953 1013 1994 Ricardi
1028 1952 1352 2005 WVigorniensiS,
1369 1952 1555 1992 Galfridi

154 2019 364 2073 Elyensis,
388 2026 432 2060 et
451 2020 477 2060 J
480 2021 656 2061 ohannis
679 2021 962 2062 Norwicensis
983 2020 1308 2075 Episcoporum,
1326 2027 1369 2060 et
1391 2019 1555 2060 Ranul-

154 2086 229 2141 phi
252 2087 303 2127 de
327 2087 584 2129 Glaunvilla.

214 2158 240 2176 “
260 2155 331 2195 Ad
366 2155 620 2197 maritandas
651 2171 857 2211 pauperes
898 2165 940 2197 et
960 2156 1113 2197 liberas
1134 2155 1325 2196 faeminas
1347 2155 1557 2195 Norman-

154 2223 238 2264 niae
261 2238 359 2278 quae
381 2232 525 2264 carent
544 2224 742 2273 auxilios*
762 2238 800 2264 e.
838 2239 996 2264 marcas
1033 2223 1139 2272 auri,
1165 2222 1448 2276 [dividendas]
1482 2237 1557 2277 per

154 2305 326 2331 manum
379 2299 422 2331 et
471 2291 607 2332 visum
640 2291 996 2344 Rothomagensis
1037 2290 1377 2344 Archiepiscopi,
1431 2290 1558 2330 Baio-

154 2358 301 2407 censis,
326 2357 614 2406 Abrincensis,
639 2357 864 2411 Sagiensis,
884 2357 1188 2405 Ebroicensis‚⁵
1209 2357 1536 2411 Episcoporum.

214 2427 327 2467 “Ad
347 2426 600 2467 maritandas
634 2441 842 2481 pauperes
875 2434 918 2467 et
951 2426 1104 2466 liberas
1135 2426 1328 2466 faeminas
1361 2427 1412 2467 dc
1447 2434 1558 2466 terra

157 2493 380 2535 comitatus
422 2493 700 2548 Andegaviae,
740 2493 872 2547 patris
912 2493 1008 2542 mei,
1052 2507 1089 2534 c.
1126 2508 1284 2533 marcas
1337 2493 1444 2542 auri,
1483 2507 1557 2547 per

203 2672 209 2690 ¹
237 2672 314 2706 Om.
341 2672 416 2706 MS.
489 2673 501 2690 ²
527 2672 682 2715 Alba-tis,
696 2672 771 2705 MS.
847 2673 853 2736 Ι
936 2672 946 2690 ⁴
974 2672 1141 2716 Arpaisio,
1160 2672 1235 2704 MS.

200 2718 212 2736 ³
245 2730 274 2751 c.
320 2731 452 2761 marcas,
496 2731 561 2751 0111.
603 2718 704 2757 MS.;
748 2717 816 2761 alii,
936 2720 948 2737 ⁵
976 2719 1192 2760 mammenus,
1213 2717 1286 2750 MS.

159 2764 323 2806 Marciae,
344 2765 394 2798 vol
414 2765 468 2798 Dc
490 2765 663 2798 Marcilla.
