1908 3135
373 292 424 336 76
785 300 1022 333 GIRALDUS
1057 298 1354 331 CAMBRENSIS

367 401 512 442 audita
532 400 664 454 Regis
691 407 735 441 et
765 399 982 454 inopinata
1011 406 1097 440 tam
1133 398 1183 439 de
1218 397 1411 438 hostibus
1432 394 1606 437 victoria
1636 409 1764 448 quam

369 470 419 510 de
440 468 560 510 victis
583 467 881 517 misericordia,
904 466 1012 507 sicut
1032 466 1076 506 in
1096 466 1180 506 fine
1209 464 1360 520 prioris
1380 463 1492 513 libri,
1513 469 1610 503 ante
1632 461 1765 515 Regis

370 535 708 590 descriptionem,
731 535 782 575 de
804 534 935 588 captis
954 540 1038 574 tam
1061 533 1236 574 Cestriae
1258 531 1426 580 comite,
1449 545 1575 585 quam
1596 529 1765 570 Leices-

371 604 479 653 triae,
501 617 666 643 necnon
687 608 729 642 et
757 601 954 642 Albaniae
983 600 1119 655 Rege,
1142 599 1325 641 dilucida
1349 598 1557 639 brevitate
1583 596 1765 637 declara-

370 671 519 711 vimus.
600 668 864 723 Hugutionis
907 667 1023 710 Petri
1064 666 1232 716 Leonis,
1267 665 1383 707 tituli
1425 664 1567 705 Sancti
1609 661 1766 716 Angeli

375 736 619 786 Cardinalis,
647 737 693 776 in
725 735 922 789 Angliam
951 734 1181 775 transmissi
1211 733 1393 788 legatio:
1442 732 1520 772 sub
1552 745 1636 785 quo
1667 743 1766 770 con-

374 804 517 845 cilium
548 804 678 844 totius
700 802 870 856 Angliae
902 802 1000 842 cleri
1022 801 1254 842 Londoniis
1285 806 1572 847 convocatum,
1594 803 1766 851 propter

375 871 689 912 contentionem
757 871 869 910 inter
925 868 1278 922 Archiepiscopos
1341 867 1499 907 ibidem
1559 865 1765 911 obortam,

375 939 637 979 Richardum
687 937 847 977 scilicet
887 936 1231 977 Cantuariensem
1281 941 1324 974 et
1364 932 1597 985 Rogerium
1650 930 1768 971 Ebo-

372 1020 599 1054 racensem,
632 1005 683 1044 de
722 1003 933 1058 primatiae
970 1003 1175 1056 dignitate
1214 1008 1257 1041 et
1304 1001 1439 1055 prima
1475 997 1767 1039 cathedrarum

371 1072 482 1121 sede,
534 1070 722 1125 allegatis
773 1071 943 1110 demum
991 1070 1089 1110 hinc
1147 1069 1245 1109 inde
1294 1075 1378 1108 tam
1438 1065 1591 1120 pugnis
1641 1079 1767 1118 quam

371 1138 532 1178 baculis
554 1146 597 1179 et
628 1138 754 1192 virgis
783 1138 979 1178 abortum
1000 1136 1115 1177 fecit.
1177 1135 1337 1176 Nuncii
1360 1132 1598 1174 Guillielmi
1632 1131 1766 1186 Regis

374 1205 520 1254 Siculi,
544 1213 629 1246 tam
651 1205 889 1260 Episcopus
917 1219 971 1244 sc.
996 1203 1235 1257 Capuanus,
1259 1217 1385 1256 quam
1417 1201 1617 1241 Diaferus
1644 1200 1769 1240 Elec-

374 1281 440 1313 tus
478 1273 700 1327 Trojanus,
738 1287 902 1312 necnon
934 1278 978 1312 et
1014 1271 1164 1311 Comes
1204 1269 1386 1318 Florius,
1426 1275 1600 1322 propter
1639 1267 1768 1307 Joan-

372 1356 467 1381 nam
508 1340 640 1394 Regis
679 1339 810 1380 filiam
859 1339 1074 1393 juniorem
1128 1352 1203 1378 suo
1259 1336 1440 1391 principi
1490 1335 1767 1389 copulandam

372 1408 589 1447 advenere.
670 1406 830 1447 Nuncii
870 1406 1042 1459 Regum
1087 1404 1325 1458 Hispaniae,
1387 1402 1583 1443 Casteliae
1629 1417 1683 1442 sc.
1725 1408 1769 1442 et

374 1474 584 1522 Navariae‚
622 1474 695 1527 qui
727 1488 853 1528 super
888 1472 1011 1513 terris
1044 1471 1296 1525 quibusdam
1337 1477 1380 1511 et
1428 1468 1608 1510 castellis
1654 1470 1767 1510 unde

373 1541 483 1580 inter
519 1541 630 1594 ipsos
666 1555 815 1594 magna
843 1540 982 1580 fuerat
1013 1539 1159 1579 adorta
1189 1537 1418 1586 contentio,
1451 1551 1494 1576 se
1527 1536 1767 1590 Anglorum

375 1608 506 1662 Regis
526 1607 700 1648 arbitrio
719 1607 888 1647 standos
906 1606 1082 1646 firmiter
1099 1604 1483 1659 compromiserant,
1500 1603 1545 1643 in
1567 1603 1768 1656 Angliam

371 1682 591 1717 venerunt.
652 1674 779 1715 Unde
812 1681 855 1714 et
886 1674 986 1714 Rex
1009 1672 1245 1713 convocatis
1280 1672 1323 1712 in
1354 1671 1458 1711 urbe
1482 1670 1768 1710 Londoniensi

372 1742 470 1782 viris
501 1731 649 1796 peritis
669 1748 712 1781 et
744 1740 1005 1794 sapientibus
1039 1739 1159 1792 regni
1190 1738 1321 1778 totius
1353 1738 1512 1778 ordinis
1544 1738 1767 1790 utriusque

368 1809 492 1863 juris,
515 1808 731 1862 (quoniam
759 1821 977 1847 causarum
1008 1806 1172 1854 merita,
1194 1805 1380 1860 partium
1406 1805 1634 1845 assertione
1666 1820 1770 1859 pan-

374 1875 566 1928 duntur,)
591 1874 745 1914 auditis
775 1874 873 1913 hinc
907 1873 1004 1913 inde
1037 1873 1259 1926 utriusque
1296 1872 1426 1925 partis
1443 1871 1768 1925 allegationibus

375 1944 426 1983 ab
449 1942 658 1983 advocatis
691 1948 733 1982 et
767 1956 983 1982 causarum
1023 1941 1211 1995 patronis
1250 1939 1453 1994 utrinque
1489 1940 1766 1994 peroptimis;

377 2024 558 2063 quorum
598 2024 709 2049 unus
748 2016 888 2049 tamen
927 2009 1037 2048 inter
1087 2008 1189 2048 alios
1240 2007 1556 2057 famosissimus,
1616 2008 1769 2048 Petrus

377 2092 431 2116 sc.
457 2075 748 2124 Cardonensis,
771 2073 863 2128 (qui
885 2089 940 2114 ex
970 2081 1090 2128 parte
1112 2074 1309 2115 Navariae
1340 2074 1544 2128 principis
1564 2076 1768 2129 venerat,)

378 2150 421 2183 et
471 2143 575 2182 mira
623 2141 867 2195 eloquentia
916 2140 1194 2195 praepolluit;
1247 2140 1361 2189 Rex,
1409 2140 1589 2193 sapienti
1633 2141 1769 2182 fretus

378 2209 566 2258 consilio,
588 2208 725 2249 media
753 2214 941 2248 statuens
972 2208 1165 2248 incedere
1183 2207 1263 2257 via,
1285 2207 1404 2247 litem
1423 2207 1616 2248 dirimere
1637 2216 1770 2248 trans-

378 2276 543 2317 actione
575 2276 761 2325 curavit3
796 2282 845 2316 ut
875 2276 1017 2329 aliquo
1047 2275 1158 2323 dato,
1180 2274 1372 2328 aliquove
1406 2280 1585 2324 retento,
1603 2276 1770 2329 jactura

379 2351 530 2384 neuter
576 2343 805 2383 laederetur
851 2343 1026 2391 enormi,
1068 2342 1141 2382 sed
1180 2341 1291 2382 sicut
1324 2341 1375 2381 ab
1417 2348 1600 2394 utroque
1629 2341 1770 2382 fuerat

373 2411 511 2466 judex
551 2411 723 2459 electus,
760 2410 818 2450 sic
858 2410 908 2450 de
947 2410 1172 2463 utriusque
1213 2408 1264 2461 (si
1302 2408 1393 2448 fieri
1437 2408 1594 2462 posset)
1634 2408 1770 2449 factus

379 2477 655 2517 indemnitate
688 2476 906 2517 sollicitus.
968 2475 1106 2529 Igitur
1137 2475 1414 2516 transactione
1442 2475 1632 2525 formata,
1656 2482 1699 2515 et
1725 2475 1771 2516 in

381 2544 583 2597 scriptum
624 2543 805 2591 redacta,
847 2543 900 2583 ad
941 2542 1148 2582 cautelam
1189 2542 1388 2596 judiciale
1431 2557 1601 2596 quoque
1647 2542 1771 2582 scribi

381 2611 484 2651 fecit
521 2624 726 2650 examen:
770 2609 833 2648 Ut
880 2609 913 2649 si
961 2609 1071 2649 forte
1118 2624 1213 2662 pars
1258 2609 1461 2649 alterutra
1501 2609 1771 2649 transactioni

382 2684 490 2717 stare
511 2682 738 2724 recusaret,
761 2676 930 2715 demum
952 2675 1165 2715 definitiva
1187 2676 1396 2716 sententia
1418 2676 1469 2716 lis
1490 2675 1770 2716 dirimeretur.

384 2744 605 2783 Adventus
645 2742 847 2783 Lodovici
889 2742 1145 2782 Francorum
1186 2742 1318 2796 Regis
1358 2743 1401 2782 in
1443 2742 1658 2796 Angliam,
1696 2743 1771 2796 qui

384 2810 653 2851 Cantuariam
685 2824 858 2863 peregre
891 2809 1120 2863 profectus,
1143 2810 1338 2863 martyris
1366 2809 1523 2863 egregii
1553 2809 1698 2863 (quem
1725 2810 1771 2850 in
