1908 3135
155 1439 193 1463 Of
207 1440 253 1464 the
266 1442 318 1466 two

154 1472 292 1497 Cardinals

153 1506 212 1529 who
225 1513 292 1529 were

151 1541 212 1562 sent
225 1541 252 1562 to
265 1546 308 1563 cx-

153 1571 244 1595 amine
258 1571 303 1596 the

149 1611 243 1627 causes
256 1603 286 1627 of

149 1636 174 1659 S.
191 1637 321 1661 Thomas’

147 1668 238 1694 death.

384 274 437 314 26
795 285 1033 319 GIRALDUS
1067 287 1364 320 CAMBRENSIS

381 382 424 423 S.
463 382 725 438 Chrysogoni
775 385 1011 438 presbyteri
1053 385 1298 436 Cardinalis,
1338 386 1599 441 Apostolicae
1654 387 1772 427 Sedis

378 448 544 502 Legati,
566 457 609 491 et
638 451 684 490 in
716 451 942 505 praesentia
969 451 1279 492 Wintoniensis
1314 452 1516 507 Episcopi
1554 453 1769 504 Richardi,

379 522 422 555 et
439 515 467 555 J
469 516 643 557 ohannis
666 517 949 567 Carnotensis,
973 524 1017 558 et
1037 518 1213 559 Heni-ici
1236 519 1490 569 Baiocensis,
1514 527 1557 560 et
1579 521 1614 561 F
1615 521 1769 574 rogerii

377 580 603 635 Sagiensis,
626 590 669 624 et
689 583 833 637 Egidii
854 584 1139 634 Ebroicensis,
1159 585 1500 640 Episcoporum3
1525 595 1568 627 et
1590 587 1769 627 Henrici

377 652 508 706 Regis
528 650 700 704 Angliae
729 650 821 700 filii,
843 657 886 691 et
923 650 1100 691 Comitis
1131 652 1380 703 Theobaldi,
1401 660 1443 693 et
1466 653 1644 695 Comitis
1678 653 1767 694 Ro-

374 719 501 769 berti,
533 725 577 758 et
599 717 716 757 Petri
737 718 788 758 de
810 717 1011 768 Curtene,
1032 725 1076 758 et
1096 718 1274 760 Comitis
1297 719 1497 769 Simonis,
1520 727 1563 761 et
1583 721 1768 762 Williel-

373 786 432 826 mi
454 786 504 826 de
524 784 711 835 Humez,
743 792 787 825 et
806 785 1038 826 multorum
1058 786 1237 826 aliorum
1258 793 1343 827 tam
1371 787 1617 829 clericorum
1639 803 1766 843 quam

374 852 610 893 laicorum.¹

966 1091 1072 1132 CAP.
1104 1091 1186 1133 VI.

370 1228 438 1266 De
470 1227 620 1266 duobus
656 1227 822 1266 interim
868 1227 1161 1266 Cardinalibus
1196 1227 1252 1267 ad
1273 1229 1515 1267 scrutinium
1557 1227 1606 1267 de
1637 1233 1764 1268 morse

426 1295 624 1347 iizartjejris
649 1294 689 1334 T
685 1295 806 1335 lzomae
823 1294 1064 1346 faciendum
1085 1295 1129 1334 in
1149 1294 1448 1334 Normamziam
1471 1295 1749 1334 transmissisfl

429 1425 759 1467 ADVENERUNT
793 1426 980 1466 interea3
1017 1425 1060 1464 in
1096 1424 1403 1465 Normanniam
1437 1425 1489 1464 cle
1523 1424 1638 1464 curia
1673 1424 1762 1464 Ro-

369 1507 491 1532 mana
522 1493 752 1533 transmissi
787 1492 939 1546 Legati
972 1492 1070 1541 duo,
1104 1490 1311 1531 Albertus
1344 1506 1399 1531 sc.
1424 1498 1467 1531 ct
1501 1491 1760 1540 Theodinus‚

369 1560 420 1599 de
441 1566 575 1600 morte
593 1560 788 1614 martyris
809 1559 1059 1600 scrutinium
1080 1558 1248 1608 facturi,
1270 1559 1314 1598 in
1332 1573 1515 1612 quorum
1534 1558 1762 1612 praesentia

367 1626 481 1676 Rex,
516 1634 694 1681 purgata
727 1627 1004 1681 jurejurando
1040 1626 1172 1679 magis
1207 1626 1260 1665 ad
1298 1625 1513 1665 hominem
1546 1640 1672 1678 quam
1708 1626 1760 1665 acl

365 1694 571 1734 rationem
620 1694 863 1734 innocentia
908 1708 996 1734 sua.
1078 1692 1193 1734 Quia
1237 1699 1378 1732 tamen
1410 1707 1466 1731 ex
1496 1691 1758 1731 confessione

363 1761 496 1815 ipsius
536 1776 780 1814 quanquam
819 1775 917 1801 vero
969 1759 1092 1813 [non]
1135 1766 1282 1799 auctor
1331 1758 1499 1799 sceleris
1535 1759 1608 1798 sed
1648 1758 1757 1798 forte

364 1828 524 1868 occasio
571 1828 744 1877 fuisset3
796 1827 964 1867 dicebat
1014 1826 1126 1866 enim
1174 1840 1259 1865 non
1307 1840 1382 1879 per
1422 1825 1562 1878 ipsum
1602 1824 1758 1864 milites

362 1895 456 1934 illos
494 1895 707 1935 ministros
746 1894 861 1934 necis
915 1900 958 1934 et
1004 1891 1211 1946 nequitiae
1251 1891 1414 1931 facinus
1464 1891 1571 1930 illud
1609 1906 1759 1945 perpe-

361 1969 516 2011 trasse3
572 1961 682 2001 inter
718 1961 799 2001 alia
835 1960 1032 2014 quaedam
1072 1974 1169 2012 quae
1202 1958 1294 1998 loco
1334 1957 1583 2012 penitentiae
1619 1958 1756 1998 eidem

359 2028 651 2082 injunxerunt,
691 2028 830 2081 ipsum
880 2028 931 2067 de
979 2025 1318 2080 peregrinatione
1369 2024 1755 2074 Hierosolimitana,

359 2096 459 2136 olim
480 2095 562 2135 fide
584 2095 795 2135 mediante
817 2109 863 2134 ac
880 2099 1137 2133 sacramento
1157 2091 1375 2146 promissa,
1393 2092 1503 2131 infra
1524 2092 1754 2132 triennium

358 2177 538 2216 sequens
568 2161 837 2215 perficienda,
869 2166 1127 2200 sacramento
1150 2173 1321 2212 quoque
1353 2164 1396 2198 et
1428 2165 1530 2198 tunc
1561 2173 1753 2212 corpora-

358 2230 455 2269 liter
475 2229 681 2283 praestito,
702 2228 878 2268 firmiter
895 2227 1198 2267 astrinxerunt.

1137 2358 1150 2377 ³
1172 2369 1241 2390 ΑΛ).
1284 2357 1386 2391 1172.
1453 2356 1615 2389 Giraldus
1649 2357 1751 2390 refers

406 2358 413 2375 ¹
442 2359 525 2393 This
542 2366 595 2393 act
609 2371 676 2393 was
691 2360 847 2404 repeated
860 2359 925 2392 and
940 2371 1019 2392 con-

357 2405 475 2437 firmed
496 2406 541 2450 by
559 2406 671 2451 Philip
694 2407 870 2449 Augustus
899 2411 932 2438 at
962 2405 1019 2437 the

356 2458 646 2484 commencement
663 2453 700 2485 of
725 2452 776 2485 his
802 2452 908 2495 reign.
956 2451 1018 2483 See

359 2496 484 2529 Trivet.
502 2510 556 2530 an.
577 2501 678 2531 1180.

403 2541 416 2558 ²
439 2543 502 2575 See
532 2543 732 2588 Radnlphus
763 2543 804 2575 ‹lc
832 2542 954 2575 Diccto
983 2542 1017 2574 in

357 2586 537 2631 Twysdcn,
555 2600 588 2632 p.
607 2592 686 2622 560.
722 2589 795 2621 The
813 2588 897 2620 sorni
910 2589 949 2620 of
961 2588 1018 2620 the

356 2632 478 2676 King's
504 2634 705 2677 absolution,
723 2634 788 2666 and
823 2634 880 2666 the
909 2645 1017 2666 corre-

355 2679 545 2721 spondence
566 2680 604 2712 of
632 2680 688 2712 the
713 2680 865 2723 Legates,
884 2679 951 2711 will
976 2679 1017 2712 bc

355 2724 459 2758 found
478 2725 509 2758 in
530 2725 706 2769 Hoveden,
724 2725 747 2758 f.
766 2727 844 2759 303.

1086 2408 1120 2436 to
1140 2403 1207 2436 this
1225 2402 1344 2436 arrival
1364 2403 1400 2435 of
1414 2402 1470 2435 the
1486 2402 1628 2446 Legates
1646 2403 1679 2435 in
1697 2402 1749 2435 his

1087 2449 1254 2482 Hibernia
1278 2449 1495 2493 Expugnata,
1518 2448 1571 2481 ch.
1602 2451 1657 2482 36.
1709 2448 1748 2481 ln

1085 2495 1141 2527 the
1171 2507 1263 2528 same
1290 2494 1384 2539 place
1414 2494 1456 2526 he
1481 2500 1585 2526 states
1610 2494 1667 2527 the
1685 2494 1749 2526 (lif-

1084 2541 1230 2574 ficulties
1248 2540 1354 2573 under
1371 2539 1480 2572 which
1499 2539 1555 2572 the
1573 2540 1666 2584 King
1679 2552 1746 2572 was

1084 2587 1260 2630 labouring
1301 2592 1336 2618 at
1376 2585 1447 2618 that
1497 2586 1600 2627 tima-3
1646 2586 1746 2629 being

1084 2632 1266 2665 additional
1310 2631 1542 2664 inducemcnts
1583 2638 1617 2664 to
1649 2631 1746 2676 bring

1083 2678 1153 2710 him
1171 2685 1205 2710 to
1224 2678 1439 2711 snbmission.
