1908 3135
392 264 466 309 176
788 278 1027 310 GIRALDUS
1063 279 1359 311 CAMBRENSIS

384 389 481 428 erga
500 375 716 416 eeclesiam
739 376 822 417 Dei
844 392 886 417 se
922 377 1117 431 protinus
1145 379 1401 419 emendaret.
1462 378 1522 419 Et
1554 392 1648 418 ecce
1669 393 1774 418 non-

383 442 484 482 dum
524 457 712 483 sermone
753 443 889 493 finito,
930 444 993 484 vir
1032 444 1218 498 quidam,
1261 445 1499 485 simillimus
1538 445 1599 485 illi
1647 460 1774 499 quem

383 509 557 562 sagittas
584 518 911 564 praesentantem
942 511 986 551 in
1017 527 1163 552 somno
1193 512 1368 562 viderat,
1397 528 1433 552 v.
1457 513 1643 566 sagittas,
1672 513 1776 553 tales

384 576 528 629 quales
545 577 587 616 in
608 593 753 617 somno
770 578 945 627 viderat,
961 578 1073 632 Regi
1089 579 1375 633 praesentavit,
1400 595 1503 633 quas
1515 579 1628 619 illico
1646 579 1775 620 militi

382 643 557 684 tradidit
575 644 643 683 cui
664 659 814 685 nomen
839 645 1094 700 Radulphus
1115 647 1165 686 de
1188 646 1327 700 Aquis
1348 647 1400 686 ad
1420 647 1612 687 ferendas
1632 662 1774 687 secum

380 709 423 749 in
462 710 689 760 forestam3
721 712 860 765 priore
889 720 1097 766 quantum
1132 713 1272 767 potuit
1311 720 1354 753 et
1385 714 1666 763 dissuadente,
1698 729 1774 754 1100

378 777 665 831 praevalente.¹
725 778 850 818 Unde
895 786 937 819 et
972 780 1024 819 ab
1058 780 1205 819 eodem
1242 780 1380 820 milite
1425 780 1691 820 continenter
1729 781 1774 821 in

378 844 479 884 silva
510 859 594 884 una
630 845 877 898 sagittarum
911 845 1080 885 illarum
1112 861 1211 886 arcu
1241 847 1379 895 missa,
1402 847 1504 887 Rex
1533 847 1772 901 perforatus

376 910 553 960 interiit,
575 911 680 951 iram
702 912 861 966 quippe
884 913 969 952 veri
992 912 1124 966 Regis
1144 912 1272 961 illius,
1297 920 1340 953 et
1366 920 1518 953 cuncta
1551 912 1769 968 Regentis,

376 977 584 1018 vindicem
605 978 802 1019 5011110115.
866 979 998 1033 Cujus
1020 986 1156 1020 acutae
1178 980 1344 1033 sagittae
1376 980 1587 1034 nimisque
1610 988 1652 1020 et
1682 981 1771 1021 falli

376 1052 609 1099 nequeunt,
633 1053 676 1086 et
706 1053 935 1087 retrorsum
965 1062 1050 1087 non
1086 1048 1258 1095 abeunt,
1281 1062 1357 1087 1100
1378 1062 1520 1088 vacuae
1553 1055 1770 1088 revertun-

377 1120 459 1153 tur.
522 1113 658 1168 Cujus
678 1120 720 1153 et
741 1114 792 1154 ab
811 1129 931 1154 arcus
951 1114 1072 1163 facie,
1094 1129 1170 1154 1100
1192 1114 1339 1168 fugere
1360 1114 1530 1168 reprobi
1552 1116 1768 1156 commode

374 1186 564 1233 possunt,
586 1195 662 1221 nec
697 1181 895 1234 effugere.
957 1180 1023 1221 De
1057 1181 1212 1234 quibus
1246 1188 1289 1221 et
1323 1181 1375 1220 ad
1408 1196 1514 1235 quos
1548 1181 1770 1222 Psalmista

375 1246 695 1287 commonitoria
725 1248 895 1302 quidem
928 1255 970 1288 et
1002 1247 1318 1288 comminatoria
1349 1248 1534 1288 scribens
1575 1255 1617 1288 et
1655 1248 1767 1289 hunc

374 1329 540 1355 versum
578 1315 843 1369 praemittens
889 1315 962 1364 ait,
1005 1318 1031 1335 ‘⁶
1049 1316 1165 1355 Deus
1193 1316 1329 1369 judeae
1356 1316 1511 1368 justus,
1548 1316 1679 1367 sortis
1729 1322 1768 1355 et

365 1383 550 1434 patiens,
572 1382 758 1435 nunquid
777 1382 980 1421 irascetur
992 1397 1073 1436 per
1090 1382 1269 1435 sinyulos
1291 1380 1409 1421 dies?
1467 1383 1567 1422 Nisi
1588 1384 1768 1422 conversi

363 1449 552 1499 fueritis,
580 1449 768 1503 yladium
807 1464 922 1488 suum
953 1450 1143 1498 vibrabit,
1178 1463 1318 1488 arcum
1360 1464 1475 1488 suum
1516 1450 1687 1489 tetendit
1728 1456 1767 1489 et

366 1516 542 1568 paravit
563 1515 691 1555 illum.
752 1516 814 1554 Et
834 1516 877 1554 in
910 1530 954 1554 eo
978 1516 1154 1569 paravit
1175 1530 1273 1555 vasa
1301 1517 1455 1565 mortis,
1477 1518 1651 1570 saqittas
1671 1531 1766 1557 suas

375 1582 611 1622 ardentibus
650 1582 827 1635 effecit.”
906 1586 933 1604 ‘⁴
954 1582 1052 1622 Cum
1088 1583 1193 1622 enim
1218 1584 1439 1636 freyerunt
1471 1598 1587 1623 arma
1617 1585 1765 1636 ferrea

374 1650 572 1698 irruent,”
589 1657 639 1689 ut
660 1649 719 1689 ait
738 1649 836 1699 Job,
861 1653 886 1670 ‘⁶
901 1651 944 1688 in
963 1664 1103 1689 arcum
1121 1649 1312 1690 oeneum.”

430 1715 492 1756 Ut
508 1717 635 1757 etiam
656 1717 708 1756 ad
728 1717 928 1770 majorem
950 1716 1204 1756 evidentiam
1227 1722 1269 1756 et
1290 1716 1491 1756 similium
1513 1717 1765 1756 convenien-

373 1783 474 1824 tiam
497 1783 805 1837 quodammodo
826 1798 937 1822 1111110
959 1783 1155 1836 quaedam
1176 1783 1480 1836 anticipemus3
1516 1783 1664 1823 Comes
1688 1783 1765 1823 Ri-

373 1851 520 1891 cardus
536 1850 647 1905 patri
661 1851 887 1891 succedens
901 1850 946 1889 in
964 1865 1141 1903 regnum
1156 1857 1198 1890 et
1220 1850 1320 1890 Rex
1335 1850 1523 1898 effeetus,
1547 1851 1765 1904 tyrannica

372 1932 542 1971 quoque
560 1917 646 1957 suis
668 1917 816 1957 diebus
833 1917 1030 1970 superbia
1052 1924 1233 1966 tumens,
1249 1916 1359 1956 sicut
1380 1916 1450 1956 ille
1465 1916 1508 1957 in
1521 1917 1686 1971 sagitta,
1704 1917 1765 1957 ita

372 1992 414 2024 et
433 1984 501 2023 hie
524 1984 567 2023 in
588 1984 753 2033 balista,
787 1998 871 2037 qua
902 1983 1027 2023 nimis
1055 1983 1253 2023 atrociter
1277 1983 1487 2037 nimisque
1518 1984 1764 2038 frequenter

370 2051 489 2090 abuti
521 2050 639 2100 solet,
661 2051 869 2090 vindicem
902 2050 1005 2090 iram
1037 2049 1226 2090 offendit.
1289 2049 1414 2090 Unde
1446 2057 1488 2090 et
1519 2065 1543 2090 a
1579 2051 1761 2105 quodam

370 2118 543 2157 metrice
565 2117 724 2157 dictum
748 2124 810 2157 est
825 2134 833 2156 :

651 2204 795 2247 Christe,
813 2204 863 2237 tui
882 2204 996 2238 calicis
1014 2204 1128 2249 praedo
1145 2204 1183 2238 fit
1200 2204 1313 2250 praeda
1332 2205 1494 2249 Calueis‚²

653 2250 737 2283 AEre
752 2251 845 2284 brevi
865 2250 969 2285 deicis
986 2251 1041 2295 qui
1061 2251 1139 2283 tulit
1154 2262 1220 2284 aera
1238 2251 1359 2284 crucis.

420 2330 429 2350 ¹
457 2329 656 2363 “Historiei
688 2341 783 2374 paene
816 2340 933 2362 omnes
966 2335 1032 2362 tra-
1098 2329 1253 2373 signavit,
1280 2328 1338 2361 111).
1370 2340 1404 2362 x.
1430 2340 1462 2373 p.
1495 2329 1599 2363 781.''
1650 2329 1758 2375 Bouq.

373 2376 457 2408 dunt
492 2376 704 2409 Gulielmum
732 2375 859 2408 Rufum
889 2387 907 2407 a
926 2374 1032 2407 Gual-
1100 2375 1150 2407 To
1169 2376 1264 2407 these
1280 2386 1359 2419 may
1376 2374 1418 2407 be
1436 2374 1546 2407 added
1563 2375 1621 2408 the
1638 2377 1760 2410 autho-

372 2428 443 2454 tero
478 2422 603 2455 Tirello
636 2422 710 2454 neci
744 2421 918 2454 traditum.
969 2420 1032 2453 Ille
1098 2420 1190 2453 rities
1213 2420 1338 2464 quoted
1368 2420 1402 2452 in
1420 2420 1477 2453 the
1494 2426 1590 2454 notes
1619 2428 1654 2454 to
1678 2423 1759 2455 Ful-

374 2479 449 2500 vero
491 2479 569 2501 cum
613 2469 806 2511 juramento
851 2467 1030 2509 asserebat,
1097 2466 1176 2499 ler's
1207 2465 1341 2499 Chureh
1373 2466 1524 2511 History‚
1552 2467 1587 2500 ii.
1606 2469 1662 2502 47.
1687 2468 1759 2501 Ox-

373 2515 458 2550 quod
484 2526 521 2547 εα
553 2514 604 2547 die
644 2526 700 2546 nec
739 2515 773 2546 in
801 2525 869 2547 eam
902 2519 1031 2558 partem
1097 2512 1182 2546 ford.

371 2552 466 2603 {ylvoe
481 2561 515 2592 in
532 2572 595 2602 qua
612 2559 685 2592 Rex
701 2560 880 2592 venabatur
895 2559 1031 2601 venerit,
1143 2558 1156 2578 ²
1182 2557 1516 2601 chalus—Chabrol‚
1537 2558 1646 2603 Bouq.
1696 2560 1758 2593 See

372 2617 430 2638 nec
461 2617 531 2638 eum
564 2607 599 2638 in
630 2605 720 2649 sylva
745 2606 874 2638 omnino
901 2605 1031 2647 viderit,
1097 2604 1168 2636 also
1186 2604 1326 2637 another
1344 2604 1492 2648 epigram
1512 2616 1553 2637 on
1580 2605 1759 2638 Richard's

373 2650 482 2695 inquit
517 2650 676 2694 Sugerius
709 2655 801 2682 tomo
830 2656 942 2683 nostro
970 2650 1029 2683 xii.
1098 2649 1198 2682 death
1228 2650 1263 2682 in
1289 2649 1346 2682 the
1375 2650 1500 2683 Chron.
1519 2650 1556 2682 of
1578 2650 1616 2685 Ρ.
1635 2651 1759 2692 Coral;

371 2708 404 2740 p.
426 2698 481 2731 12.
530 2696 619 2729 Vide
648 2695 847 2728 Ordericum
868 2695 1028 2737 Vitalem‚
1098 2695 1131 2727 in
1167 2695 1333 2740 Bouquet,
1368 2701 1449 2729 tom.
1485 2695 1581 2730 xviii.
1612 2708 1643 2740 p.
1680 2699 1756 2739 239,

371 2743 427 2787 qui
455 2742 608 2776 eamdem
628 2742 790 2775 visionem
811 2741 933 2774 litteris
951 2753 1028 2774 con—
1097 2741 1163 2774 and
1182 2741 1238 2774 the
1254 2748 1345 2776 note.
