1908 3135
360 281 412 320 38
772 286 1010 318 GIRALDUS
1045 285 1343 318 CAMBRENSIS

359 387 479 441 quasi
508 386 746 427 Teutonice
768 386 986 426 convenit:
1019 385 1112 425 God
1131 385 1274 425 houlde
1295 384 1371 424 dlze
1399 384 1590 437 sziny!
1622 382 1755 436 [quod

359 454 513 495 Latine
536 459 668 502 sonat,
688 454 805 493 Deus
826 466 864 493 ce
886 452 1105 502 custodiat,
1130 453 1224 492 Rem
1238 456 1256 492 ,Ι
1270 451 1302 505 1]
1365 451 1425 491 Ε1
1444 457 1592 505 postea
1611 451 1756 490 eadem

358 522 505 574 lingua
542 527 792 574 prosecutus
826 526 889 560 est
921 519 966 559 in
997 519 1105 559 hanc
1140 518 1418 559 sententiam:
1461 517 1666 557 “Salutat
1685 532 1757 558 vos

362 587 555 627 Christus
587 593 629 627 et
660 586 731 640 pia
766 593 901 627 mater
931 586 1037 640 erS,
1065 584 1249 626 Joannes
1281 599 1452 639 quoque
1484 583 1679 637 Baptista
1715 590 1759 624 et

361 653 594 708 Apostolus
634 653 801 702 Petrus,
836 652 1082 693 mandantes
1117 651 1250 701 vobis,
1285 658 1494 705 quatenus
1538 665 1615 704 per
1648 657 1758 690 totas

361 720 511 760 ditioni
550 726 700 761 vestrae
748 727 879 760 terras
930 719 1133 768 subditas,
1174 734 1226 758 ne
1274 724 1482 758 mercatus
1522 717 1758 758 Dominicis

361 788 510 828 diebus
541 788 659 837 fiant,
692 787 869 827 firmiter
908 786 1091 826 inhiberi
1127 784 1320 835 faciatis3
1364 791 1406 825 et
1442 784 1558 838 quod
1592 784 1638 824 in
1675 784 1758 824 illis

358 855 466 894 nihil
500 855 667 908 uspiam
702 854 841 908 operis
874 854 963 903 fiat,
996 853 1079 893 nisi
1114 852 1302 892 divinum
1338 851 1538 901 officium,
1571 858 1614 892 et
1652 851 1759 890 illud

360 921 509 961 devote
531 920 667 960 facere
685 927 730 960 et
749 920 909 970 audire,
927 926 1083 973 praeter
1100 919 1257 959 cibaria
1277 919 1427 968 solum,
1443 933 1539 971 quae
1562 918 1613 959 ad
1636 932 1759 958 usum

359 987 560 1027 diurnum
593 994 902 1041 praeparentur.
965 986 1095 1028 Quod
1130 986 1164 1025 si
1199 985 1399 1034 feceritis,
1431 984 1538 1025 nihil
1569 999 1759 1038 unquam

358 1054 611 1094 inchoabitis
634 1054 750 1107 quod
774 1054 859 1093 fine
884 1053 996 1093 bono
1020 1067 1105 1093 non
1131 1052 1408 1106 compleatur,
1430 1052 1645 1105 vitamque
1666 1049 1760 1091 feli-

358 1121 463 1162 citer
511 1120 896 1161 consummabitis.”
974 1120 1076 1160 Rex
1125 1126 1269 1160 autem
1317 1119 1457 1168 militi,
1499 1119 1567 1159 cui
1605 1133 1759 1159 nomen

359 1189 587 1243 Philippus
619 1189 670 1228 de
703 1188 925 1238 Mercrosf‘
958 1187 1032 1242 qui
1064 1194 1108 1228 et
1139 1187 1323 1228 fraenum
1355 1186 1456 1240 equi
1490 1187 1674 1235 tenebat,
1709 1186 1760 1226 de

358 1258 515 1298 finibus
551 1257 634 1298 illis
665 1256 859 1307 oriundo,
893 1257 969 1311 qui
1000 1257 1127 1298 etiam
1162 1256 1254 1297 haec
1286 1256 1407 1297 nobis
1427 1271 1526 1297 vera
1556 1255 1760 1295 relatione

357 1324 609 1379 propalavit,
643 1324 754 1365 dixit
789 1324 935 1378 lingua
966 1324 1157 1365 Gallica:
1190 1323 1392 1365 “Quaere
1428 1339 1452 1364 a
1482 1322 1639 1363 rustico
1671 1322 1759 1372 illo,

358 1399 503 1433 utrum
532 1392 611 1432 hoc
642 1391 971 1433 solnniaverit?’'
1031 1392 1091 1432 Et
1112 1406 1207 1432 cum
1231 1392 1311 1431 hoc
1333 1390 1512 1445 Anglice
1543 1390 1661 1430 miles
1685 1404 1761 1430 ex-

357 1465 548 1513 poneret,
567 1459 750 1513 subjecit
771 1458 842 1499 ille
859 1458 1005 1512 lingua
1026 1458 1181 1513 priore,
1200 1457 1335 1498 “Sive
1356 1457 1434 1497 hoc
1452 1457 1758 1506 somniaverim,

358 1526 515 1580 inquit,
539 1526 623 1566 sive
652 1541 751 1575 non,
773 1526 867 1567 vide
890 1526 984 1579 quis
1005 1526 1131 1566 hodie
1154 1526 1242 1566 dies
1270 1525 1325 1566 sit
1342 1543 1351 1576 ;
1371 1525 1392 1540 ”
1416 1524 1611 1578 (loquens
1633 1524 1759 1578 Regi,

360 1607 444 1632 non
496 1592 719 1647 interpreti
743 1593 789 1647 ς)
840 1596 867 1615 “
890 1593 990 1647 quia
1040 1593 1121 1633 nisi
1177 1593 1256 1633 hoc
1305 1592 1503 1641 feceritis,
1543 1592 1760 1645 vitamque

360 1659 566 1699 maturius
602 1659 901 1710 emendaveris,
938 1660 1187 1714 priusquam
1226 1674 1360 1700 annus
1398 1659 1478 1699 iste
1517 1665 1759 1712 praetereat,

360 1726 465 1766 tales
492 1726 542 1766 de
564 1726 703 1775 rebus,
727 1740 831 1779 quas
851 1726 896 1766 111
917 1727 1076 1767 1111111ἀο
1096 1727 1192 1780 plus
1214 1726 1367 1780 diligis,
1390 1741 1578 1767 rumores
1599 1726 1759 1774 audies,

359 1793 573 1847 talemque
604 1793 891 1834 turbationem
922 1794 1019 1834 inde
1050 1793 1254 1848 recipies;
1297 1808 1394 1847 quae
1431 1793 1510 1833 tibi
1540 1808 1677 1846 usque
1708 1793 1761 1832 ad

360 1860 525 1900 exitum
553 1859 654 1900 vitae
678 1875 764 1900 non
789 1860 998 1901 deficiet.”
1059 1861 1119 1901 Et
1143 1875 1238 1900 cum
1266 1860 1367 1900 Rex
1399 1860 1478 1900 hoc
1500 1860 1626 1909 dicto,
1650 1875 1760 1914 equo

361 1927 587 1967 calcaribus
615 1927 790 1976 monito,
812 1942 963 1982 parum
983 1942 1125 1968 versus
1156 1934 1322 1982 portam
1350 1934 1393 1968 et
1415 1927 1535 1981 quasi
1564 1927 1759 1981 passibus

361 2000 454 2033 octo
476 1993 759 2047 processisset,
783 2009 909 2048 super
929 1995 1009 2035 hoc
1032 2002 1172 2035 tamen
1195 1995 1314 2049 quod
1343 1995 1535 2035 audierat
1556 1994 1758 2048 cogitans,

362 2067 405 2100 et
423 2060 513 2100 lora
531 2075 744 2114 regyrans,
765 2064 793 2082 ‘⁶
807 2060 968 2102 Vocate
990 2061 1136 2111 mihi,”
1152 2061 1308 2115 inquit,
1325 2065 1351 2084 “
1365 2063 1525 2102 bonum
1545 2061 1760 2101 hominem

360 2125 522 2166 illum.”
581 2127 641 2166 Et
670 2141 766 2166 cum
796 2127 916 2168 miles
947 2128 1191 2182 praedictus,
1214 2135 1257 2168 et
1282 2129 1450 2182 juvenis
1482 2128 1668 2182 quidam,
1691 2129 1760 2168 cui

360 2207 514 2232 nomen
532 2193 789 2243 Gulielmus,
806 2194 881 2247 qui
902 2195 979 2235 soli
998 2202 1100 2235 tunc
1114 2195 1158 2235 in
1176 2195 1333 2249 oppido
1350 2210 1445 2235 cum
1463 2195 1584 2249 Rege
1596 2210 1760 2236 reman-

361 2267 514 2310 serant,
535 2260 655 2301 illum
676 2268 906 2311 vocassent,
930 2270 972 2302 et
1002 2277 1086 2302 non
1117 2263 1337 2303 inventum
1360 2263 1496 2316 primo
1519 2263 1563 2302 in
1585 2263 1758 2317 capella,

362 2327 513 2367 deinde
527 2342 602 2382 per
615 2327 753 2368 aulam
767 2335 810 2368 et
826 2329 1050 2369 diversoria
1064 2336 1215 2370 cuncta
1228 2330 1535 2383 quaesivissent,
1551 2344 1760 2383 nusquam

362 2394 612 2448 comparuit.
662 2394 763 2435 Rex
783 2402 940 2446 autem,
959 2411 1008 2436 eo
1022 2411 1107 2437 non
1126 2404 1309 2451 reperto,
1324 2412 1419 2437 cum
1441 2403 1578 2437 tamen
1599 2398 1759 2438 diutius

361 2476 459 2501 eum
504 2462 617 2502 solus
670 2462 713 2501 in
754 2462 910 2516 oppido
950 2463 1051 2503 dum
1090 2464 1161 2504 alii
1202 2471 1457 2518 quaererent,
1499 2470 1757 2517 expectaret,

360 2535 538 2568 moestus
569 2529 802 2582 plurimum
833 2537 876 2570 et
904 2530 1121 2585 plangens,
1145 2532 1259 2585 quod
1287 2531 1467 2585 amplius
1498 2531 1561 2570 illi
1592 2531 1759 2571 locutus

360 2609 445 2634 non
476 2594 638 2644 fuisset,
661 2610 803 2635 versus
836 2596 1194 2651 Novumburgum
1223 2613 1299 2652 per
1328 2605 1501 2651 pontem
1530 2598 1579 2637 de
1602 2598 1757 2637 Remni

359 2661 440 2701 iter
462 2661 654 2715 arripuit.
708 2661 830 2702 Sicut
845 2670 988 2703 autem
1010 2665 1301 2705 comminando
1318 2665 1381 2705 vir
1401 2664 1472 2705 ille
1493 2665 1757 2719 promiserat,

360 2728 416 2767 sic
445 2743 554 2767 anno
586 2728 763 2782 contigit
796 2744 879 2769 non
900 2731 1139 2784 complet03
1176 2732 1253 2771 filii
1280 2747 1461 2786 namque
1493 2731 1626 2785 ipsius
1657 2738 1755 2781 tres,

405 2819 413 2837 ¹
446 2817 543 2856 Quod
561 2846 566 2853 .
587 2845 594 2852 .
616 2847 622 2853 .
645 2847 650 2853 .
673 2820 758 2853 Rem.
809 2821 887 2855 Om.
907 2822 982 2856 MS.
1141 2826 1152 2843 ²
1178 2825 1344 2868 Marc-eos,
1364 2825 1437 2857 MS.
