<?xml version="1.0" encoding="UTF-8"?>
<!DOCTYPE html PUBLIC "-//W3C//DTD XHTML 1.0 Transitional//EN"
    "http://www.w3.org/TR/xhtml1/DTD/xhtml1-transitional.dtd">
<html xmlns="http://www.w3.org/1999/xhtml" xml:lang="en" lang="en">
 <head>
  <title>
</title>
<meta http-equiv="Content-Type" content="text/html;charset=utf-8" />
  <meta name='ocr-system' content='tesseract 3.04.00' />
  <meta name='ocr-capabilities' content='ocr_page ocr_carea ocr_par ocr_line ocrx_word'/>
</head>
<body>
  <div class='ocr_page' id='page_1' title='image "./giralduscambrens03girauoft_0160.png"; bbox 0 0 1908 3135; ppageno 0'>
   <div class='ocr_carea' id='block_1_1' title="bbox 151 849 292 940">
    <p class='ocr_par' dir='ltr' id='par_1_1' title="bbox 151 849 292 940">
     <span class='ocr_line' id='line_1_1' title="bbox 151 849 273 875; baseline -0.008 0"><span class='ocrx_word' id='word_1_1' title='bbox 151 851 174 875; x_wconf 84' lang='lat' dir='ltr'>A</span> <span class='ocrx_word' id='word_1_2' title='bbox 187 849 273 875; x_wconf 73' lang='lat' dir='ltr'>vision</span> 
     </span>
     <span class='ocr_line' id='line_1_2' title="bbox 154 883 264 914; baseline 0 -7"><span class='ocrx_word' id='word_1_3' title='bbox 154 891 217 907; x_wconf 77' lang='lat' dir='ltr'>seen</span> <span class='ocrx_word' id='word_1_4' title='bbox 229 883 264 914; x_wconf 85' lang='lat' dir='ltr'>by</span> 
     </span>
     <span class='ocr_line' id='line_1_3' title="bbox 155 916 292 940; baseline 0 0"><span class='ocrx_word' id='word_1_5' title='bbox 155 916 292 940; x_wconf 79' lang='lat' dir='ltr'>Giraldus.</span> 
     </span>
    </p>
   </div>
   <div class='ocr_carea' id='block_1_2' title="bbox 362 258 1340 300">
    <p class='ocr_par' dir='ltr' id='par_1_2' title="bbox 362 258 1340 300">
     <span class='ocr_line' id='line_1_4' title="bbox 362 258 1340 300; baseline 0.003 -4"><span class='ocrx_word' id='word_1_6' title='bbox 362 258 443 297; x_wconf 80' lang='lat'>120</span> <span class='ocrx_word' id='word_1_7' title='bbox 772 268 1009 300; x_wconf 84' lang='lat' dir='ltr'><strong>GIRALDUS</strong></span> <span class='ocrx_word' id='word_1_8' title='bbox 1043 267 1340 300; x_wconf 78' lang='lat' dir='ltr'>CAMBRENSIS</span> 
     </span>
    </p>
   </div>
   <div class='ocr_carea' id='block_1_3' title="bbox 358 363 1751 488">
    <p class='ocr_par' dir='ltr' id='par_1_3' title="bbox 358 363 1751 488">
     <span class='ocr_line' id='line_1_5' title="bbox 358 363 1751 422; baseline -0.004 -16"><span class='ocrx_word' id='word_1_9' title='bbox 358 366 518 416; x_wconf 85' lang='lat' dir='ltr'>habita,</span> <span class='ocrx_word' id='word_1_10' title='bbox 540 366 767 408; x_wconf 83' lang='lat' dir='ltr'>terminum</span> <span class='ocrx_word' id='word_1_11' title='bbox 790 368 926 422; x_wconf 90' lang='lat' dir='ltr'>primo</span> <span class='ocrx_word' id='word_1_12' title='bbox 945 373 1167 417; x_wconf 84' lang='lat' dir='ltr'>statutum,</span> <span class='ocrx_word' id='word_1_13' title='bbox 1190 367 1376 407; x_wconf 88' lang='lat' dir='ltr'>animosa</span> <span class='ocrx_word' id='word_1_14' title='bbox 1396 363 1646 412; x_wconf 84' lang='lat' dir='ltr'>constantia,</span> <span class='ocrx_word' id='word_1_15' title='bbox 1668 375 1751 401; x_wconf 86' lang='lat' dir='ltr'>non</span> 
     </span>
     <span class='ocr_line' id='line_1_6' title="bbox 361 440 585 488; baseline -0.004 -15"><span class='ocrx_word' id='word_1_16' title='bbox 361 440 585 488; x_wconf 87' lang='lat' dir='ltr'>praeternt.</span> 
     </span>
    </p>
   </div>
   <div class='ocr_carea' id='block_1_4' title="bbox 906 562 1166 604">
    <p class='ocr_par' dir='ltr' id='par_1_4' title="bbox 906 562 1166 604">
     <span class='ocr_line' id='line_1_7' title="bbox 906 562 1166 604; baseline 0 -1"><span class='ocrx_word' id='word_1_17' title='bbox 906 562 1011 604; x_wconf 83' lang='lat' dir='ltr'><strong>CAP.</strong></span> <span class='ocrx_word' id='word_1_18' title='bbox 1036 562 1166 604; x_wconf 90' lang='lat' dir='ltr'>XVI.</span> 
     </span>
    </p>
   </div>
   <div class='ocr_carea' id='block_1_5' title="bbox 373 660 1760 782">
    <p class='ocr_par' dir='ltr' id='par_1_5' title="bbox 373 660 1760 782">
     <span class='ocr_line' id='line_1_8' title="bbox 373 660 1760 717; baseline -0.002 -17"><span class='ocrx_word' id='word_1_19' title='bbox 373 661 411 700; x_wconf 89' lang='lat' dir='ltr'><em>V</em></span> <span class='ocrx_word' id='word_1_20' title='bbox 407 661 483 700; x_wconf 77' lang='lat' dir='ltr'>isio</span> <span class='ocrx_word' id='word_1_21' title='bbox 505 675 625 715; x_wconf 80' lang='lat' dir='ltr'>quam</span> <span class='ocrx_word' id='word_1_22' title='bbox 645 675 768 715; x_wconf 74' lang='lat' dir='ltr'>super</span> <span class='ocrx_word' id='word_1_23' title='bbox 787 662 920 701; x_wconf 76' lang='lat' dir='ltr'>crucis</span> <span class='ocrx_word' id='word_1_24' title='bbox 941 663 1098 716; x_wconf 72' lang='lat' dir='ltr'>neyotio</span> <span class='ocrx_word' id='word_1_25' title='bbox 1115 662 1221 702; x_wconf 72' lang='lat' dir='ltr'>vidit</span> <span class='ocrx_word' id='word_1_26' title='bbox 1241 662 1314 703; x_wconf 77' lang='lat' dir='ltr'>ille</span> <span class='ocrx_word' id='word_1_27' title='bbox 1327 663 1396 717; x_wconf 76' lang='lat' dir='ltr'>qui</span> <span class='ocrx_word' id='word_1_28' title='bbox 1415 661 1583 715; x_wconf 74' lang='lat' dir='ltr'>scripsit</span> <span class='ocrx_word' id='word_1_29' title='bbox 1603 660 1698 709; x_wconf 74' lang='lat' dir='ltr'>lzaec,</span> <span class='ocrx_word' id='word_1_30' title='bbox 1721 664 1760 698; x_wconf 81' lang='lat' dir='ltr'>et</span> 
     </span>
     <span class='ocr_line' id='line_1_9' title="bbox 856 729 1275 782; baseline 0.005 -14"><span class='ocrx_word' id='word_1_31' title='bbox 856 729 1024 769; x_wconf 72' lang='lat' dir='ltr'><em>visionis</em></span> <span class='ocrx_word' id='word_1_32' title='bbox 1045 731 1275 782; x_wconf 66' lang='lat' dir='ltr'>eaeposz&#39;ffiO.¹</span> 
     </span>
    </p>
   </div>
   <div class='ocr_carea' id='block_1_6' title="bbox 368 830 1790 2761">
    <p class='ocr_par' dir='ltr' id='par_1_6' title="bbox 368 830 1790 2761">
     <span class='ocr_line' id='line_1_10' title="bbox 427 830 1761 887; baseline -0.003 -14"><span class='ocrx_word' id='word_1_33' title='bbox 427 833 565 874; x_wconf 83' lang='lat' dir='ltr'><strong>UNDE</strong></span> <span class='ocrx_word' id='word_1_34' title='bbox 608 840 651 874; x_wconf 88' lang='lat' dir='ltr'>et</span> <span class='ocrx_word' id='word_1_35' title='bbox 684 833 900 883; x_wconf 81' lang='lat' dir='ltr'>visionem,</span> <span class='ocrx_word' id='word_1_36' title='bbox 935 849 1062 887; x_wconf 88' lang='lat' dir='ltr'>quam</span> <span class='ocrx_word' id='word_1_37' title='bbox 1102 849 1228 887; x_wconf 88' lang='lat' dir='ltr'>super</span> <span class='ocrx_word' id='word_1_38' title='bbox 1267 834 1344 874; x_wconf 89' lang='lat' dir='ltr'>hac</span> <span class='ocrx_word' id='word_1_39' title='bbox 1383 832 1585 886; x_wconf 87' lang='lat' dir='ltr'>temporis</span> <span class='ocrx_word' id='word_1_40' title='bbox 1629 830 1761 871; x_wconf 83' lang='lat' dir='ltr'>nostri</span> 
     </span>
     <span class='ocr_line' id='line_1_11' title="bbox 368 897 1763 947; baseline -0.003 -7"><span class='ocrx_word' id='word_1_41' title='bbox 368 900 534 940; x_wconf 87' lang='lat' dir='ltr'>miseria</span> <span class='ocrx_word' id='word_1_42' title='bbox 564 907 607 940; x_wconf 91' lang='lat' dir='ltr'>et</span> <span class='ocrx_word' id='word_1_43' title='bbox 629 900 762 940; x_wconf 88' lang='lat' dir='ltr'>crucis</span> <span class='ocrx_word' id='word_1_44' title='bbox 785 899 941 940; x_wconf 83' lang='lat' dir='ltr'>Christi</span> <span class='ocrx_word' id='word_1_45' title='bbox 972 900 1229 940; x_wconf 86' lang='lat' dir='ltr'>contumelia</span> <span class='ocrx_word' id='word_1_46' title='bbox 1259 899 1362 939; x_wconf 84' lang='lat' dir='ltr'>mihi</span> <span class='ocrx_word' id='word_1_47' title='bbox 1392 899 1637 947; x_wconf 84' lang='lat' dir='ltr'>miserrimo,</span> <span class='ocrx_word' id='word_1_48' title='bbox 1660 897 1763 937; x_wconf 89' lang='lat' dir='ltr'>mihi</span> 
     </span>
     <span class='ocr_line' id='line_1_12' title="bbox 368 965 1763 1015; baseline -0.002 -8"><span class='ocrx_word' id='word_1_49' title='bbox 368 967 556 1015; x_wconf 87' lang='lat' dir='ltr'>minimo,</span> <span class='ocrx_word' id='word_1_50' title='bbox 591 973 633 1005; x_wconf 90' lang='lat' dir='ltr'>et</span> <span class='ocrx_word' id='word_1_51' title='bbox 664 974 803 1007; x_wconf 88' lang='lat' dir='ltr'>tamen</span> <span class='ocrx_word' id='word_1_52' title='bbox 835 981 858 1006; x_wconf 86' lang='lat' dir='ltr'>a</span> <span class='ocrx_word' id='word_1_53' title='bbox 898 966 1084 1007; x_wconf 90' lang='lat' dir='ltr'>Domino</span> <span class='ocrx_word' id='word_1_54' title='bbox 1116 966 1160 1006; x_wconf 97' lang='grc'>111</span> <span class='ocrx_word' id='word_1_55' title='bbox 1191 966 1268 1006; x_wconf 85' lang='lat' dir='ltr'>hac</span> <span class='ocrx_word' id='word_1_56' title='bbox 1298 966 1457 1006; x_wconf 79' lang='lat' dir='ltr'>visione</span> <span class='ocrx_word' id='word_1_57' title='bbox 1484 966 1652 1006; x_wconf 80' lang='lat' dir='ltr'>visitato</span> <span class='ocrx_word' id='word_1_58' title='bbox 1685 965 1763 1004; x_wconf 86' lang='lat' dir='ltr'>Ille</span> 
     </span>
     <span class='ocr_line' id='line_1_13' title="bbox 370 1033 1766 1086; baseline -0.001 -14"><span class='ocrx_word' id='word_1_59' title='bbox 370 1033 581 1082; x_wconf 85' lang='lat' dir='ltr'>revelavit,</span> <span class='ocrx_word' id='word_1_60' title='bbox 605 1033 678 1086; x_wconf 92' lang='lat' dir='ltr'>qui</span> <span class='ocrx_word' id='word_1_61' title='bbox 709 1033 924 1073; x_wconf 89' lang='lat' dir='ltr'>interdum</span> <span class='ocrx_word' id='word_1_62' title='bbox 948 1048 1045 1086; x_wconf 89' lang='lat' dir='ltr'>quae</span> <span class='ocrx_word' id='word_1_63' title='bbox 1077 1033 1297 1074; x_wconf 81' lang='lat' dir='ltr'>abscondit</span> <span class='ocrx_word' id='word_1_64' title='bbox 1323 1048 1346 1073; x_wconf 90' lang='lat' dir='ltr'>a</span> <span class='ocrx_word' id='word_1_65' title='bbox 1367 1033 1629 1086; x_wconf 77' lang='lat' dir='ltr'>sapientibus</span> <span class='ocrx_word' id='word_1_66' title='bbox 1649 1046 1766 1072; x_wconf 88' lang='lat' dir='ltr'>reve-</span> 
     </span>
     <span class='ocr_line' id='line_1_14' title="bbox 370 1099 1763 1154; baseline -0.001 -14"><span class='ocrx_word' id='word_1_67' title='bbox 370 1100 473 1140; x_wconf 86' lang='lat' dir='ltr'>lavit</span> <span class='ocrx_word' id='word_1_68' title='bbox 509 1100 708 1154; x_wconf 84' lang='lat' dir='ltr'>parvulis,</span> <span class='ocrx_word' id='word_1_69' title='bbox 749 1099 817 1139; x_wconf 88' lang='lat' dir='ltr'>hic</span> <span class='ocrx_word' id='word_1_70' title='bbox 857 1100 1072 1140; x_wconf 88' lang='lat' dir='ltr'>evidenter</span> <span class='ocrx_word' id='word_1_71' title='bbox 1111 1100 1301 1141; x_wconf 87' lang='lat' dir='ltr'>evolvere</span> <span class='ocrx_word' id='word_1_72' title='bbox 1347 1108 1504 1154; x_wconf 82' lang='lat' dir='ltr'>praeter</span> <span class='ocrx_word' id='word_1_73' title='bbox 1540 1114 1630 1140; x_wconf 89' lang='lat' dir='ltr'>rem</span> <span class='ocrx_word' id='word_1_74' title='bbox 1679 1114 1763 1139; x_wconf 90' lang='lat' dir='ltr'>non</span> 
     </span>
     <span class='ocr_line' id='line_1_15' title="bbox 371 1166 1766 1222; baseline -0.001 -15"><span class='ocrx_word' id='word_1_75' title='bbox 371 1167 532 1222; x_wconf 84' lang='lat' dir='ltr'>putavi.</span> <span class='ocrx_word' id='word_1_76' title='bbox 612 1166 665 1207; x_wconf 88' lang='lat' dir='ltr'>In</span> <span class='ocrx_word' id='word_1_77' title='bbox 715 1166 788 1207; x_wconf 89' lang='lat' dir='ltr'>illa</span> <span class='ocrx_word' id='word_1_78' title='bbox 836 1167 968 1219; x_wconf 88' lang='lat' dir='ltr'>igitur</span> <span class='ocrx_word' id='word_1_79' title='bbox 1017 1167 1218 1207; x_wconf 89' lang='lat' dir='ltr'>intestina</span> <span class='ocrx_word' id='word_1_80' title='bbox 1263 1175 1306 1208; x_wconf 87' lang='lat' dir='ltr'>et</span> <span class='ocrx_word' id='word_1_81' title='bbox 1355 1167 1594 1208; x_wconf 88' lang='lat' dir='ltr'>detestabili</span> <span class='ocrx_word' id='word_1_82' title='bbox 1640 1166 1766 1206; x_wconf 86' lang='lat' dir='ltr'>nimis</span> 
     </span>
     <span class='ocr_line' id='line_1_16' title="bbox 374 1233 1767 1288; baseline -0.001 -15"><span class='ocrx_word' id='word_1_83' title='bbox 374 1234 612 1288; x_wconf 89' lang='lat' dir='ltr'>Anglorum</span> <span class='ocrx_word' id='word_1_84' title='bbox 649 1233 782 1287; x_wconf 87' lang='lat' dir='ltr'>Regis</span> <span class='ocrx_word' id='word_1_85' title='bbox 817 1241 860 1273; x_wconf 90' lang='lat' dir='ltr'>et</span> <span class='ocrx_word' id='word_1_86' title='bbox 893 1233 1069 1274; x_wconf 88' lang='lat' dir='ltr'>Comitis</span> <span class='ocrx_word' id='word_1_87' title='bbox 1105 1233 1363 1275; x_wconf 85' lang='lat' dir='ltr'>Pictavensis</span> <span class='ocrx_word' id='word_1_88' title='bbox 1399 1234 1618 1283; x_wconf 81' lang='lat' dir='ltr'>discordia,</span> <span class='ocrx_word' id='word_1_89' title='bbox 1654 1233 1767 1287; x_wconf 91' lang='lat' dir='ltr'>apud</span> 
     </span>
     <span class='ocr_line' id='line_1_17' title="bbox 376 1300 1768 1353; baseline -0.001 -13"><span class='ocrx_word' id='word_1_90' title='bbox 376 1300 642 1341; x_wconf 89' lang='lat' dir='ltr'>Chinonense</span> <span class='ocrx_word' id='word_1_91' title='bbox 694 1308 876 1341; x_wconf 79' lang='lat' dir='ltr'>castrum</span> <span class='ocrx_word' id='word_1_92' title='bbox 928 1315 1024 1340; x_wconf 91' lang='lat' dir='ltr'>cum</span> <span class='ocrx_word' id='word_1_93' title='bbox 1078 1300 1199 1353; x_wconf 86' lang='lat' dir='ltr'>Rege</span> <span class='ocrx_word' id='word_1_94' title='bbox 1253 1301 1524 1350; x_wconf 87' lang='lat' dir='ltr'>constitutus,</span> <span class='ocrx_word' id='word_1_95' title='bbox 1568 1300 1622 1340; x_wconf 91' lang='lat' dir='ltr'>vi.</span> <span class='ocrx_word' id='word_1_96' title='bbox 1672 1300 1768 1339; x_wconf 90' lang='lat' dir='ltr'>idus</span> 
     </span>
     <span class='ocr_line' id='line_1_18' title="bbox 377 1367 1768 1421; baseline -0.001 -14"><span class='ocrx_word' id='word_1_97' title='bbox 377 1368 499 1416; x_wconf 82' lang='lat' dir='ltr'>Maii,</span> <span class='ocrx_word' id='word_1_98' title='bbox 522 1375 645 1407; x_wconf 91' lang='lat' dir='ltr'>nocte</span> <span class='ocrx_word' id='word_1_99' title='bbox 676 1367 720 1407; x_wconf 92' lang='grc'>111</span> <span class='ocrx_word' id='word_1_100' title='bbox 751 1367 919 1416; x_wconf 82' lang='lat' dir='ltr'>somnis,</span> <span class='ocrx_word' id='word_1_101' title='bbox 943 1375 985 1407; x_wconf 87' lang='lat' dir='ltr'>et</span> <span class='ocrx_word' id='word_1_102' title='bbox 1013 1367 1148 1407; x_wconf 89' lang='lat' dir='ltr'>noctis</span> <span class='ocrx_word' id='word_1_103' title='bbox 1178 1368 1281 1408; x_wconf 89' lang='lat' dir='ltr'>hora</span> <span class='ocrx_word' id='word_1_104' title='bbox 1301 1368 1422 1421; x_wconf 84' lang='lat' dir='ltr'>quasi</span> <span class='ocrx_word' id='word_1_105' title='bbox 1449 1368 1558 1408; x_wconf 86' lang='lat' dir='ltr'>circa</span> <span class='ocrx_word' id='word_1_106' title='bbox 1583 1367 1768 1421; x_wconf 89' lang='lat' dir='ltr'>primum</span> 
     </span>
     <span class='ocr_line' id='line_1_19' title="bbox 377 1434 1771 1489; baseline -0.001 -15"><span class='ocrx_word' id='word_1_107' title='bbox 377 1435 477 1489; x_wconf 88' lang='lat' dir='ltr'>galli</span> <span class='ocrx_word' id='word_1_108' title='bbox 504 1442 689 1483; x_wconf 88' lang='lat' dir='ltr'>cantum,</span> <span class='ocrx_word' id='word_1_109' title='bbox 711 1434 824 1474; x_wconf 88' lang='lat' dir='ltr'>visus</span> <span class='ocrx_word' id='word_1_110' title='bbox 856 1449 949 1474; x_wconf 89' lang='lat' dir='ltr'>sum</span> <span class='ocrx_word' id='word_1_111' title='bbox 984 1434 1088 1474; x_wconf 91' lang='lat' dir='ltr'>mihi</span> <span class='ocrx_word' id='word_1_112' title='bbox 1108 1435 1249 1474; x_wconf 71' lang='lat' dir='ltr'>videre</span> <span class='ocrx_word' id='word_1_113' title='bbox 1274 1436 1442 1475; x_wconf 88' lang='lat' dir='ltr'>turbam</span> <span class='ocrx_word' id='word_1_114' title='bbox 1477 1435 1695 1474; x_wconf 88' lang='lat' dir='ltr'>hominum</span> <span class='ocrx_word' id='word_1_115' title='bbox 1727 1434 1771 1473; x_wconf 91' lang='lat' dir='ltr'>in</span> 
     </span>
     <span class='ocr_line' id='line_1_20' title="bbox 381 1501 1770 1555; baseline -0.001 -13"><span class='ocrx_word' id='word_1_116' title='bbox 381 1502 532 1542; x_wconf 88' lang='lat' dir='ltr'>caelum</span> <span class='ocrx_word' id='word_1_117' title='bbox 553 1502 805 1550; x_wconf 82' lang='lat' dir='ltr'>intuentem,</span> <span class='ocrx_word' id='word_1_118' title='bbox 828 1508 871 1541; x_wconf 93' lang='lat' dir='ltr'>et</span> <span class='ocrx_word' id='word_1_119' title='bbox 892 1510 1093 1555; x_wconf 80' lang='lat' dir='ltr'>tanquam</span> <span class='ocrx_word' id='word_1_120' title='bbox 1120 1517 1275 1542; x_wconf 89' lang='lat' dir='ltr'>novum</span> <span class='ocrx_word' id='word_1_121' title='bbox 1299 1501 1461 1555; x_wconf 88' lang='lat' dir='ltr'>aliquid</span> <span class='ocrx_word' id='word_1_122' title='bbox 1481 1502 1770 1542; x_wconf 82' lang='lat' dir='ltr'>admirantem.</span> 
     </span>
     <span class='ocr_line' id='line_1_21' title="bbox 380 1567 1773 1623; baseline -0.001 -13"><span class='ocrx_word' id='word_1_123' title='bbox 380 1570 562 1610; x_wconf 84' lang='lat' dir='ltr'>Elevans</span> <span class='ocrx_word' id='word_1_124' title='bbox 599 1569 730 1622; x_wconf 88' lang='lat' dir='ltr'>igitur</span> <span class='ocrx_word' id='word_1_125' title='bbox 765 1569 922 1618; x_wconf 87' lang='lat' dir='ltr'>oculos,</span> <span class='ocrx_word' id='word_1_126' title='bbox 960 1576 1003 1611; x_wconf 89' lang='lat' dir='ltr'>et</span> <span class='ocrx_word' id='word_1_127' title='bbox 1034 1569 1266 1622; x_wconf 80' lang='lat' dir='ltr'>suspiciens</span> <span class='ocrx_word' id='word_1_128' title='bbox 1295 1569 1497 1623; x_wconf 82' lang='lat' dir='ltr'>quidnam</span> <span class='ocrx_word' id='word_1_129' title='bbox 1534 1577 1657 1617; x_wconf 86' lang='lat' dir='ltr'>esset,</span> <span class='ocrx_word' id='word_1_130' title='bbox 1685 1567 1773 1608; x_wconf 88' lang='lat' dir='ltr'>vidi</span> 
     </span>
     <span class='ocr_line' id='line_1_22' title="bbox 380 1635 1775 1689; baseline -0.001 -13"><span class='ocrx_word' id='word_1_131' title='bbox 380 1637 491 1676; x_wconf 88' lang='lat' dir='ltr'>intra</span> <span class='ocrx_word' id='word_1_132' title='bbox 540 1636 721 1676; x_wconf 89' lang='lat' dir='ltr'>nubium</span> <span class='ocrx_word' id='word_1_133' title='bbox 761 1635 1024 1689; x_wconf 87' lang='lat' dir='ltr'>quarundam</span> <span class='ocrx_word' id='word_1_134' title='bbox 1079 1636 1328 1676; x_wconf 79' lang='lat' dir='ltr'>densitatem</span> <span class='ocrx_word' id='word_1_135' title='bbox 1376 1636 1616 1676; x_wconf 84' lang='lat' dir='ltr'>clarissimae</span> <span class='ocrx_word' id='word_1_136' title='bbox 1668 1635 1775 1675; x_wconf 87' lang='lat' dir='ltr'>lucis</span> 
     </span>
     <span class='ocr_line' id='line_1_23' title="bbox 381 1702 1775 1757; baseline 0.001 -15"><span class='ocrx_word' id='word_1_137' title='bbox 381 1704 659 1757; x_wconf 84' lang='lat' dir='ltr'>splendorem.</span> <span class='ocrx_word' id='word_1_138' title='bbox 738 1703 799 1742; x_wconf 83' lang='lat' dir='ltr'>Et</span> <span class='ocrx_word' id='word_1_139' title='bbox 838 1702 979 1742; x_wconf 88' lang='lat' dir='ltr'>statim</span> <span class='ocrx_word' id='word_1_140' title='bbox 1019 1703 1222 1757; x_wconf 86' lang='lat' dir='ltr'>separatis</span> <span class='ocrx_word' id='word_1_141' title='bbox 1260 1704 1311 1743; x_wconf 90' lang='lat' dir='ltr'>ab</span> <span class='ocrx_word' id='word_1_142' title='bbox 1351 1703 1530 1743; x_wconf 89' lang='lat' dir='ltr'>invicem</span> <span class='ocrx_word' id='word_1_143' title='bbox 1573 1703 1775 1751; x_wconf 86' lang='lat' dir='ltr'>nubibus,</span> 
     </span>
     <span class='ocr_line' id='line_1_24' title="bbox 384 1769 1776 1824; baseline -0.001 -13"><span class='ocrx_word' id='word_1_144' title='bbox 384 1779 584 1824; x_wconf 81' lang='lat' dir='ltr'>tanquam</span> <span class='ocrx_word' id='word_1_145' title='bbox 624 1769 823 1809; x_wconf 82' lang='lat' dir='ltr'>inferiore</span> <span class='ocrx_word' id='word_1_146' title='bbox 861 1770 940 1809; x_wconf 89' lang='lat' dir='ltr'>hoc</span> <span class='ocrx_word' id='word_1_147' title='bbox 981 1769 1084 1810; x_wconf 88' lang='lat' dir='ltr'>caelo</span> <span class='ocrx_word' id='word_1_148' title='bbox 1122 1770 1281 1810; x_wconf 86' lang='lat' dir='ltr'>ibidem</span> <span class='ocrx_word' id='word_1_149' title='bbox 1321 1785 1376 1810; x_wconf 84' lang='lat' dir='ltr'>ex</span> <span class='ocrx_word' id='word_1_150' title='bbox 1414 1778 1533 1824; x_wconf 86' lang='lat' dir='ltr'>parte</span> <span class='ocrx_word' id='word_1_151' title='bbox 1579 1778 1776 1818; x_wconf 88' lang='lat' dir='ltr'>reseratO,</span> 
     </span>
     <span class='ocr_line' id='line_1_25' title="bbox 384 1836 1777 1891; baseline -0.001 -14"><span class='ocrx_word' id='word_1_152' title='bbox 384 1838 602 1878; x_wconf 87' lang='lat' dir='ltr'>oculorum</span> <span class='ocrx_word' id='word_1_153' title='bbox 640 1837 728 1876; x_wconf 91' lang='lat' dir='ltr'>acie</span> <span class='ocrx_word' id='word_1_154' title='bbox 760 1851 836 1890; x_wconf 86' lang='lat' dir='ltr'>per</span> <span class='ocrx_word' id='word_1_155' title='bbox 870 1836 1096 1876; x_wconf 83' lang='lat' dir='ltr'>fenestram</span> <span class='ocrx_word' id='word_1_156' title='bbox 1136 1837 1249 1877; x_wconf 89' lang='lat' dir='ltr'>illam</span> <span class='ocrx_word' id='word_1_157' title='bbox 1289 1838 1605 1891; x_wconf 79' lang='lat' dir='ltr'>adempireum</span> <span class='ocrx_word' id='word_1_158' title='bbox 1642 1852 1777 1890; x_wconf 89' lang='lat' dir='ltr'>usque</span> 
     </span>
     <span class='ocr_line' id='line_1_26' title="bbox 386 1904 1778 1957; baseline 0.001 -14"><span class='ocrx_word' id='word_1_159' title='bbox 386 1910 761 1957; x_wconf 87' lang='lat' dir='ltr'>transpenetrante,</span> <span class='ocrx_word' id='word_1_160' title='bbox 791 1904 835 1943; x_wconf 91' lang='lat' dir='ltr'>in</span> <span class='ocrx_word' id='word_1_161' title='bbox 866 1904 1139 1944; x_wconf 88' lang='lat' dir='ltr'>multitudine</span> <span class='ocrx_word' id='word_1_162' title='bbox 1172 1905 1320 1954; x_wconf 85' lang='lat' dir='ltr'>multa,</span> <span class='ocrx_word' id='word_1_163' title='bbox 1349 1905 1464 1944; x_wconf 89' lang='lat' dir='ltr'>curia</span> <span class='ocrx_word' id='word_1_164' title='bbox 1498 1904 1569 1944; x_wconf 92' lang='lat' dir='ltr'>illa</span> <span class='ocrx_word' id='word_1_165' title='bbox 1600 1904 1778 1944; x_wconf 84' lang='lat' dir='ltr'>caelestis</span> 
     </span>
     <span class='ocr_line' id='line_1_27' title="bbox 386 1971 1780 2025; baseline -0.001 -14"><span class='ocrx_word' id='word_1_166' title='bbox 386 1971 595 2025; x_wconf 87' lang='lat' dir='ltr'>apparuit,</span> <span class='ocrx_word' id='word_1_167' title='bbox 628 1971 848 2011; x_wconf 87' lang='lat' dir='ltr'>intentatis</span> <span class='ocrx_word' id='word_1_168' title='bbox 880 1971 919 2012; x_wconf 91' lang='lat' dir='ltr'>ei</span> <span class='ocrx_word' id='word_1_169' title='bbox 958 1971 1146 2024; x_wconf 87' lang='lat' dir='ltr'>undique</span> <span class='ocrx_word' id='word_1_170' title='bbox 1183 1987 1393 2012; x_wconf 88' lang='lat' dir='ltr'>armorum</span> <span class='ocrx_word' id='word_1_171' title='bbox 1425 1972 1613 2012; x_wconf 84' lang='lat' dir='ltr'>omnium</span> <span class='ocrx_word' id='word_1_172' title='bbox 1654 1986 1780 2024; x_wconf 89' lang='lat' dir='ltr'>gene-</span> 
     </span>
     <span class='ocr_line' id='line_1_28' title="bbox 386 2038 1781 2091; baseline -0.001 -13"><span class='ocrx_word' id='word_1_173' title='bbox 386 2039 517 2087; x_wconf 87' lang='lat' dir='ltr'>ribus,</span> <span class='ocrx_word' id='word_1_174' title='bbox 550 2038 595 2077; x_wconf 88' lang='lat' dir='ltr'>in</span> <span class='ocrx_word' id='word_1_175' title='bbox 625 2038 905 2091; x_wconf 88' lang='lat' dir='ltr'>direptionem</span> <span class='ocrx_word' id='word_1_176' title='bbox 933 2038 1042 2087; x_wconf 87' lang='lat' dir='ltr'>data,</span> <span class='ocrx_word' id='word_1_177' title='bbox 1076 2046 1119 2078; x_wconf 91' lang='lat' dir='ltr'>et</span> <span class='ocrx_word' id='word_1_178' title='bbox 1150 2045 1350 2091; x_wconf 85' lang='lat' dir='ltr'>tanquam</span> <span class='ocrx_word' id='word_1_179' title='bbox 1381 2038 1573 2078; x_wconf 86' lang='lat' dir='ltr'>hostibus</span> <span class='ocrx_word' id='word_1_180' title='bbox 1596 2039 1649 2078; x_wconf 87' lang='lat' dir='ltr'>ad</span> <span class='ocrx_word' id='word_1_181' title='bbox 1672 2052 1781 2077; x_wconf 89' lang='lat' dir='ltr'>mac-</span> 
     </span>
     <span class='ocr_line' id='line_1_29' title="bbox 389 2103 1780 2158; baseline -0.001 -14"><span class='ocrx_word' id='word_1_182' title='bbox 389 2105 563 2144; x_wconf 89' lang='lat' dir='ltr'>tandum</span> <span class='ocrx_word' id='word_1_183' title='bbox 586 2104 792 2156; x_wconf 81' lang='lat' dir='ltr'>exposita.</span> <span class='ocrx_word' id='word_1_184' title='bbox 853 2103 1010 2143; x_wconf 85' lang='lat' dir='ltr'>Videas</span> <span class='ocrx_word' id='word_1_185' title='bbox 1036 2104 1133 2144; x_wconf 86' lang='lat' dir='ltr'>huic</span> <span class='ocrx_word' id='word_1_186' title='bbox 1157 2104 1295 2157; x_wconf 87' lang='lat' dir='ltr'>gladio</span> <span class='ocrx_word' id='word_1_187' title='bbox 1317 2112 1457 2158; x_wconf 88' lang='lat' dir='ltr'>caput,</span> <span class='ocrx_word' id='word_1_188' title='bbox 1478 2105 1542 2146; x_wconf 90' lang='lat' dir='ltr'>illi</span> <span class='ocrx_word' id='word_1_189' title='bbox 1562 2104 1780 2144; x_wconf 85' lang='lat' dir='ltr'>brachium</span> 
     </span>
     <span class='ocr_line' id='line_1_30' title="bbox 390 2170 1783 2225; baseline 0 -14"><span class='ocrx_word' id='word_1_190' title='bbox 390 2171 626 2225; x_wconf 84' lang='lat' dir='ltr'>amputari3</span> <span class='ocrx_word' id='word_1_191' title='bbox 677 2170 770 2210; x_wconf 89' lang='lat' dir='ltr'>illos</span> <span class='ocrx_word' id='word_1_192' title='bbox 818 2170 982 2223; x_wconf 86' lang='lat' dir='ltr'>sagittis</span> <span class='ocrx_word' id='word_1_193' title='bbox 1029 2171 1192 2210; x_wconf 87' lang='lat' dir='ltr'>eminus</span> <span class='ocrx_word' id='word_1_194' title='bbox 1237 2172 1350 2225; x_wconf 85' lang='lat' dir='ltr'>peti3</span> <span class='ocrx_word' id='word_1_195' title='bbox 1402 2171 1496 2211; x_wconf 89' lang='lat' dir='ltr'>illos</span> <span class='ocrx_word' id='word_1_196' title='bbox 1545 2171 1701 2211; x_wconf 83' lang='lat' dir='ltr'>lanceis</span> <span class='ocrx_word' id='word_1_197' title='bbox 1740 2179 1783 2211; x_wconf 87' lang='lat' dir='ltr'>et</span> 
     </span>
     <span class='ocr_line' id='line_1_31' title="bbox 391 2237 1783 2292; baseline 0.001 -16"><span class='ocrx_word' id='word_1_198' title='bbox 391 2238 539 2291; x_wconf 78' lang='lat' dir='ltr'>gladiis</span> <span class='ocrx_word' id='word_1_199' title='bbox 569 2237 783 2286; x_wconf 81' lang='lat' dir='ltr'>cominus3</span> <span class='ocrx_word' id='word_1_200' title='bbox 811 2237 905 2276; x_wconf 88' lang='lat' dir='ltr'>illos</span> <span class='ocrx_word' id='word_1_201' title='bbox 936 2237 1029 2277; x_wconf 89' lang='lat' dir='ltr'>sicis</span> <span class='ocrx_word' id='word_1_202' title='bbox 1057 2239 1396 2292; x_wconf 86' lang='lat' dir='ltr'>transpenetrari.</span> <span class='ocrx_word' id='word_1_203' title='bbox 1458 2239 1518 2278; x_wconf 84' lang='lat' dir='ltr'>Et</span> <span class='ocrx_word' id='word_1_204' title='bbox 1544 2253 1639 2278; x_wconf 80' lang='lat' dir='ltr'>culn</span> <span class='ocrx_word' id='word_1_205' title='bbox 1669 2239 1783 2279; x_wconf 90' lang='lat' dir='ltr'>intu-</span> 
     </span>
     <span class='ocr_line' id='line_1_32' title="bbox 393 2304 1784 2359; baseline 0 -14"><span class='ocrx_word' id='word_1_206' title='bbox 393 2305 554 2345; x_wconf 87' lang='lat' dir='ltr'>entium</span> <span class='ocrx_word' id='word_1_207' title='bbox 584 2304 723 2353; x_wconf 83' lang='lat' dir='ltr'>multi,</span> <span class='ocrx_word' id='word_1_208' title='bbox 748 2304 814 2343; x_wconf 91' lang='lat' dir='ltr'>vel</span> <span class='ocrx_word' id='word_1_209' title='bbox 843 2311 1017 2358; x_wconf 83' lang='lat' dir='ltr'>propter</span> <span class='ocrx_word' id='word_1_210' title='bbox 1048 2305 1257 2359; x_wconf 85' lang='lat' dir='ltr'>fulgorem</span> <span class='ocrx_word' id='word_1_211' title='bbox 1288 2306 1479 2355; x_wconf 85' lang='lat' dir='ltr'>nimium,</span> <span class='ocrx_word' id='word_1_212' title='bbox 1510 2306 1577 2345; x_wconf 88' lang='lat' dir='ltr'>vel</span> <span class='ocrx_word' id='word_1_213' title='bbox 1611 2313 1784 2359; x_wconf 89' lang='lat' dir='ltr'>propter</span> 
     </span>
     <span class='ocr_line' id='line_1_33' title="bbox 393 2372 1785 2426; baseline -0.001 -13"><span class='ocrx_word' id='word_1_214' title='bbox 393 2387 532 2413; x_wconf 88' lang='lat' dir='ltr'>rerum</span> <span class='ocrx_word' id='word_1_215' title='bbox 554 2372 734 2411; x_wconf 86' lang='lat' dir='ltr'>visarum</span> <span class='ocrx_word' id='word_1_216' title='bbox 762 2385 834 2410; x_wconf 85' lang='lat' dir='ltr'>seu</span> <span class='ocrx_word' id='word_1_217' title='bbox 856 2379 1072 2420; x_wconf 89' lang='lat' dir='ltr'>terrorem,</span> <span class='ocrx_word' id='word_1_218' title='bbox 1096 2387 1170 2412; x_wconf 88' lang='lat' dir='ltr'>seu</span> <span class='ocrx_word' id='word_1_219' title='bbox 1200 2372 1418 2425; x_wconf 87' lang='lat' dir='ltr'>pietatem,</span> <span class='ocrx_word' id='word_1_220' title='bbox 1440 2372 1563 2426; x_wconf 85' lang='lat' dir='ltr'>proni</span> <span class='ocrx_word' id='word_1_221' title='bbox 1588 2372 1631 2411; x_wconf 91' lang='lat' dir='ltr'>in</span> <span class='ocrx_word' id='word_1_222' title='bbox 1658 2372 1785 2412; x_wconf 80' lang='lat' dir='ltr'>facies</span> 
     </span>
     <span class='ocr_line' id='line_1_34' title="bbox 394 2438 1785 2488; baseline -0.001 -9"><span class='ocrx_word' id='word_1_223' title='bbox 394 2455 489 2479; x_wconf 87' lang='lat' dir='ltr'>suas</span> <span class='ocrx_word' id='word_1_224' title='bbox 517 2439 778 2488; x_wconf 83' lang='lat' dir='ltr'>cecidissent,</span> <span class='ocrx_word' id='word_1_225' title='bbox 801 2438 853 2478; x_wconf 90' lang='lat' dir='ltr'>ad</span> <span class='ocrx_word' id='word_1_226' title='bbox 880 2438 1045 2478; x_wconf 81' lang='lat' dir='ltr'>exitum</span> <span class='ocrx_word' id='word_1_227' title='bbox 1070 2438 1131 2477; x_wconf 88' lang='lat' dir='ltr'>rei</span> <span class='ocrx_word' id='word_1_228' title='bbox 1160 2438 1402 2488; x_wconf 88' lang='lat' dir='ltr'>videndum,</span> <span class='ocrx_word' id='word_1_229' title='bbox 1424 2439 1536 2479; x_wconf 86' lang='lat' dir='ltr'>visus</span> <span class='ocrx_word' id='word_1_230' title='bbox 1563 2453 1656 2478; x_wconf 90' lang='lat' dir='ltr'>sum</span> <span class='ocrx_word' id='word_1_231' title='bbox 1682 2438 1785 2478; x_wconf 90' lang='lat' dir='ltr'>mihi</span> 
     </span>
     <span class='ocr_line' id='line_1_35' title="bbox 396 2505 1786 2559; baseline -0.001 -13"><span class='ocrx_word' id='word_1_232' title='bbox 396 2506 562 2559; x_wconf 86' lang='lat' dir='ltr'>singula</span> <span class='ocrx_word' id='word_1_233' title='bbox 596 2506 719 2559; x_wconf 88' lang='lat' dir='ltr'>longe</span> <span class='ocrx_word' id='word_1_234' title='bbox 755 2506 914 2546; x_wconf 90' lang='lat' dir='ltr'>diutius</span> <span class='ocrx_word' id='word_1_235' title='bbox 946 2505 1037 2545; x_wconf 86' lang='lat' dir='ltr'>aliis</span> <span class='ocrx_word' id='word_1_236' title='bbox 1073 2512 1117 2546; x_wconf 88' lang='lat' dir='ltr'>et</span> <span class='ocrx_word' id='word_1_237' title='bbox 1148 2505 1395 2559; x_wconf 88' lang='lat' dir='ltr'>diligentius</span> <span class='ocrx_word' id='word_1_238' title='bbox 1431 2506 1601 2545; x_wconf 86' lang='lat' dir='ltr'>intueri.</span> <span class='ocrx_word' id='word_1_239' title='bbox 1663 2505 1786 2545; x_wconf 88' lang='lat' dir='ltr'>Com-</span> 
     </span>
     <span class='ocr_line' id='line_1_36' title="bbox 396 2572 1786 2627; baseline -0.001 -15"><span class='ocrx_word' id='word_1_240' title='bbox 396 2573 510 2627; x_wconf 85' lang='lat' dir='ltr'>pleta</span> <span class='ocrx_word' id='word_1_241' title='bbox 554 2573 686 2625; x_wconf 89' lang='lat' dir='ltr'>igitur</span> <span class='ocrx_word' id='word_1_242' title='bbox 728 2572 771 2611; x_wconf 89' lang='lat' dir='ltr'>in</span> <span class='ocrx_word' id='word_1_243' title='bbox 820 2572 933 2613; x_wconf 89' lang='lat' dir='ltr'>brevi</span> <span class='ocrx_word' id='word_1_244' title='bbox 984 2573 1103 2626; x_wconf 88' lang='lat' dir='ltr'>quasi</span> <span class='ocrx_word' id='word_1_245' title='bbox 1156 2573 1205 2613; x_wconf 88' lang='lat' dir='ltr'>de</span> <span class='ocrx_word' id='word_1_246' title='bbox 1250 2573 1341 2613; x_wconf 86' lang='lat' dir='ltr'>aliis</span> <span class='ocrx_word' id='word_1_247' title='bbox 1390 2573 1563 2613; x_wconf 89' lang='lat' dir='ltr'>victoria</span> <span class='ocrx_word' id='word_1_248' title='bbox 1611 2572 1786 2621; x_wconf 83' lang='lat' dir='ltr'>cunctis,</span> 
     </span>
     <span class='ocr_line' id='line_1_37' title="bbox 395 2639 1789 2694; baseline -0.001 -15"><span class='ocrx_word' id='word_1_249' title='bbox 395 2639 628 2693; x_wconf 89' lang='lat' dir='ltr'>principem</span> <span class='ocrx_word' id='word_1_250' title='bbox 673 2639 811 2693; x_wconf 87' lang='lat' dir='ltr'>ipsum</span> <span class='ocrx_word' id='word_1_251' title='bbox 854 2639 1020 2679; x_wconf 82' lang='lat' dir='ltr'>militiae</span> <span class='ocrx_word' id='word_1_252' title='bbox 1064 2639 1259 2689; x_wconf 82' lang='lat' dir='ltr'>caelestis,</span> <span class='ocrx_word' id='word_1_253' title='bbox 1309 2648 1509 2694; x_wconf 89' lang='lat' dir='ltr'>tanquam</span> <span class='ocrx_word' id='word_1_254' title='bbox 1556 2640 1600 2679; x_wconf 91' lang='lat' dir='ltr'>in</span> <span class='ocrx_word' id='word_1_255' title='bbox 1649 2639 1789 2679; x_wconf 89' lang='lat' dir='ltr'>medio</span> 
     </span>
     <span class='ocr_line' id='line_1_38' title="bbox 395 2705 1790 2761; baseline -0.001 -15"><span class='ocrx_word' id='word_1_256' title='bbox 395 2721 566 2746; x_wconf 86' lang='lat' dir='ltr'>suorum</span> <span class='ocrx_word' id='word_1_257' title='bbox 599 2712 641 2745; x_wconf 87' lang='lat' dir='ltr'>et</span> <span class='ocrx_word' id='word_1_258' title='bbox 676 2706 892 2759; x_wconf 84' lang='lat' dir='ltr'>majestate</span> <span class='ocrx_word' id='word_1_259' title='bbox 933 2705 1162 2755; x_wconf 82' lang='lat' dir='ltr'>sedentem,</span> <span class='ocrx_word' id='word_1_260' title='bbox 1196 2706 1307 2746; x_wconf 85' lang='lat' dir='ltr'>sicut</span> <span class='ocrx_word' id='word_1_261' title='bbox 1337 2707 1509 2761; x_wconf 82' lang='lat' dir='ltr'>depingi</span> <span class='ocrx_word' id='word_1_262' title='bbox 1549 2706 1670 2756; x_wconf 80' lang='lat' dir='ltr'>solet,</span> <span class='ocrx_word' id='word_1_263' title='bbox 1704 2721 1790 2747; x_wconf 87' lang='lat' dir='ltr'>car—</span> 
     </span>
    </p>
   </div>
   <div class='ocr_carea' id='block_1_7' title="bbox 816 2792 1362 2838">
    <p class='ocr_par' dir='ltr' id='par_1_7' title="bbox 816 2792 1362 2838">
     <span class='ocr_line' id='line_1_39' title="bbox 816 2792 1362 2838; baseline 0 -13"><span class='ocrx_word' id='word_1_264' title='bbox 816 2793 822 2811; x_wconf 89' lang='lat'>¹</span> <span class='ocrx_word' id='word_1_265' title='bbox 852 2793 914 2825; x_wconf 76' lang='lat' dir='ltr'>Sec</span> <span class='ocrx_word' id='word_1_266' title='bbox 932 2792 1002 2826; x_wconf 80' lang='lat' dir='ltr'>also</span> <span class='ocrx_word' id='word_1_267' title='bbox 1022 2792 1104 2826; x_wconf 89' lang='lat' dir='ltr'>Hib.</span> <span class='ocrx_word' id='word_1_268' title='bbox 1126 2793 1260 2838; x_wconf 80' lang='lat' dir='ltr'>Expng.</span> <span class='ocrx_word' id='word_1_269' title='bbox 1281 2793 1362 2826; x_wconf 86' lang='lat' dir='ltr'>ibid.</span> 
     </span>
    </p>
   </div>
  </div>
 </body>
</html>
