1908 3135
339 275 394 314 42
751 279 990 313 GIRALDUS
1026 276 1329 310 OAMBRENSIS

338 389 495 438 praeter
517 395 721 422 summam
736 386 778 420 et
791 379 1008 420 dimidiam
1029 377 1233 418 instinctu
1251 375 1424 416 familiae
1447 389 1535 415 suae
1549 374 1738 415 vendidit

339 451 432 490 illas
459 464 536 504 pro
558 447 732 488 dimidia
761 461 900 488 marca
921 461 1047 501 quam
1078 445 1194 485 misit
1216 444 1381 484 cuidam
1411 441 1645 490 mercatori,
1669 441 1737 481 cui

341 533 431 558 eam
447 516 664 564 debuerat,
677 529 753 555 nec
770 513 950 567 amplius
966 511 1284 567 praeterminare
1300 516 1466 565 poterat
1479 524 1554 550 nec
1568 508 1736 549 aliunde

338 586 557 633 habuerat,
580 583 693 623 unde
720 582 926 622 redderet.
990 580 1144 620 Statim
1164 585 1307 619 autem
1334 577 1413 618 hoc
1434 577 1546 617 facto
1567 591 1663 616 cum
1693 576 1736 615 in

338 653 453 693 curia
483 666 558 692 sua
585 649 905 698 deambulasset,
928 647 1091 689 audivit
1111 661 1232 688 voces
1260 645 1353 686 illas
1384 644 1535 685 acriter
1555 643 1595 683 ei
1625 658 1736 683 com-

336 720 556 767 minantes,
589 717 709 771 quasi
740 716 856 770 quod
886 716 981 756 Deo
1014 714 1187 755 dederat
1205 712 1272 753 vel
1302 711 1445 767 potius
1474 710 1735 758 vendiderat,

337 787 441 827 alios
486 786 530 826 in
566 799 666 825 usus
711 789 938 838 posuerat3
985 788 1028 823 et
1064 796 1160 822 cum
1193 780 1283 834 ipse
1326 777 1600 833 responderet
1635 776 1736 830 quia

336 860 510 908 pactum
550 852 589 892 ei
629 866 715 891 non
754 856 993 897 tenuerant,
1036 848 1137 902 quia
1174 847 1347 887 loricam
1391 859 1509 885 suam
1546 844 1735 884 nondum

336 920 556 968 habuerat,
578 918 782 957 dixerunt
803 917 856 966 ei,
880 919 907 939 “
926 915 1046 958 Quin
1076 915 1161 954 imo
1180 914 1311 953 habes
1331 928 1436 961 eam,
1461 918 1503 951 et
1524 911 1576 951 ad
1607 910 1735 964 pedes

335 987 434 1027 lecti
456 986 519 1026 tui
547 983 714 1039 jacet;'’
751 989 794 1023 et
817 997 913 1022 cum
940 982 1022 1022 iret
1041 981 1197 1029 videre,
1226 980 1283 1020 sic
1313 979 1488 1020 invenit.
1549 978 1610 1018 Et
1639 992 1736 1017 cum

332 1068 524 1095 reversus
541 1058 650 1093 esset
661 1051 817 1091 iterum
834 1048 1149 1089 infremuerunt
1160 1047 1205 1086 in
1224 1061 1322 1086 eum
1340 1052 1383 1085 et
1400 1044 1526 1085 minis
1539 1043 1735 1083 intonue-

333 1127 460 1169 runt3
493 1126 536 1160 et
557 1118 701 1159 statim
720 1116 898 1157 involvit
918 1130 1016 1156 eum
1048 1114 1199 1168 globus
1233 1113 1396 1166 igneus,
1419 1112 1541 1165 cujus
1571 1110 1733 1165 impetu

334 1189 377 1228 in
398 1186 659 1242 profundum
681 1184 801 1238 quasi
821 1183 865 1223 in
887 1183 1084 1236 abyssum
1106 1180 1271 1220 delatus
1292 1187 1368 1220 est.

390 1255 451 1295 Et
481 1269 579 1295 cum
613 1266 778 1306 semper
809 1249 893 1290 Dei
932 1248 1263 1289 misericordiam
1294 1246 1530 1301 postularet
1562 1252 1604 1286 et
1637 1245 1734 1285 bea-

332 1330 417 1362 tam
439 1321 663 1374 Virginem
694 1319 921 1366 invocaret,
945 1316 1148 1356 dixerunt
1169 1315 1207 1355 ei
1237 1321 1288 1355 ut
1317 1314 1461 1355 statim
1492 1313 1573 1353 iret
1594 1327 1733 1352 emere

332 1398 416 1430 tres
445 1402 627 1429 summas
648 1386 855 1435 fabarum,
878 1398 1083 1424 summam
1104 1388 1146 1422 et
1168 1381 1383 1422 dimidiam
1402 1395 1479 1434 pro
1501 1380 1582 1420 alia
1605 1394 1732 1433 quam

331 1472 380 1497 eo
416 1456 638 1504 redderet3
685 1460 728 1494 et
759 1452 883 1493 aliam
916 1465 1121 1492 summam
1157 1456 1200 1490 et
1236 1448 1452 1489 dimidiam
1485 1448 1530 1487 in
1562 1461 1732 1501 poenam

332 1520 686 1577 transgressionis,
718 1519 976 1574 pauperibus
1009 1523 1213 1571 erogaret.
1276 1516 1377 1558 Quo
1413 1515 1525 1556 dicto
1559 1522 1601 1555 et
1636 1528 1734 1554 con-

331 1606 460 1640 cesso,
492 1589 654 1629 invenit
686 1602 729 1628 se
770 1587 814 1627 in
850 1585 966 1627 curia
1000 1600 1089 1634 sua,
1124 1584 1215 1624 1000
1251 1598 1305 1624 sc.
1338 1583 1453 1624 unde
1489 1597 1531 1623 se
1564 1588 1733 1636 raptum

329 1657 523 1711 putabat,
545 1656 643 1710 igne
672 1668 884 1708 nusquam
906 1658 1189 1706 comparente,
1211 1665 1382 1705 prorsus
1408 1649 1605 1690 illaesum.
1673 1648 1734 1688 Et

330 1724 474 1765 statim
507 1724 709 1764 scandens
742 1735 901 1775 equum
933 1719 1011 1760 ivit
1047 1726 1090 1759 et
1121 1718 1238 1758 fabas
1269 1717 1386 1758 emit.
1448 1716 1559 1757 Cum
1589 1722 1733 1756 autem

330 1800 415 1833 tres
455 1806 631 1832 summae
668 1795 904 1844 apportatae
937 1801 1013 1841 per
1042 1801 1087 1827 x.
1120 1785 1263 1840 pelves
1294 1785 1338 1824 in
1375 1784 1442 1824 die
1475 1783 1733 1838 pauperibus

330 1860 545 1908 darentur,
588 1864 797 1911 quatenus
840 1868 950 1895 XXX.
985 1867 1167 1893 summas
1206 1851 1414 1899 fecerunt,
1452 1857 1495 1890 et
1534 1865 1558 1890 a
1598 1850 1733 1890 tribus

331 1926 635 1967 ebdomadibus
666 1931 763 1964 ante
790 1923 948 1963 festum
981 1920 1124 1960 Sancti
1155 1918 1362 1959 Johannis
1392 1933 1528 1972 usque
1554 1917 1733 1957 totidem

330 1993 582 2034 ebdomadas
612 1992 653 2031 in
686 1996 891 2031 autumno
913 1987 1154 2041 completaS,
1178 1986 1449 2026 duraverunt.
1510 1984 1636 2024 Unde
1657 1998 1733 2037 per

331 2059 691 2114 computationem
724 2057 887 2097 dierum
926 2061 969 2094 et
1002 2053 1191 2107 pelvium
1224 2065 1433 2093 LXXXVII.
1472 2066 1647 2091 summae
1682 2051 1732 2090 de

331 2126 468 2167 tribus
489 2124 662 2165 summis
683 2128 962 2164 excreverunt
980 2137 990 2170 ς
1013 2126 1056 2160 et
1077 2126 1216 2160 cetera
1235 2119 1370 2159 multa
1390 2118 1589 2159 mirandis
1611 2132 1732 2158 even-

332 2193 446 2233 tibus
467 2192 605 2246 plena.

392 2261 579 2299 Demum
599 2265 741 2299 tamen
768 2256 902 2297 milite
933 2256 986 2295 ad
1007 2255 1172 2308 Regem
1200 2253 1244 2293 in
1263 2251 1570 2292 Normanniam
1599 2258 1732 2291 trans—

336 2327 515 2367 fretante
532 2332 628 2380 post
644 2325 779 2365 multa
797 2323 962 2364 circiter
978 2322 1072 2363 haec
1091 2321 1261 2375 negotia
1280 2319 1399 2373 quasi
1415 2319 1616 2360 miracula
1630 2319 1730 2369 visa,

336 2394 550 2448 professus
572 2400 635 2433 est
655 2392 755 2432 Rex
780 2391 825 2431 in
859 2389 1032 2444 publico
1054 2404 1097 2428 se
1119 2401 1198 2429 VII.
1221 2387 1417 2427 mandata
1445 2386 1518 2426 illa
1549 2386 1734 2440 comple-

336 2468 480 2501 turum
516 2459 694 2512 integre,
717 2465 760 2498 et
796 2456 929 2511 coepit
960 2456 1162 2496 continuo
1193 2454 1367 2494 reddere
1403 2453 1659 2494 hereditates
1691 2459 1733 2493 et

336 2528 475 2568 ablata
511 2526 651 2566 omnia
685 2524 1043 2578 conquerentibus
1078 2522 1237 2562 ibidem
1272 2529 1314 2562 et
1340 2522 1439 2576 jura
1477 2535 1552 2560 sua
1592 2520 1734 2560 notifi-

337 2593 555 2642 cantibus3
589 2599 631 2632 et
652 2592 788 2632 factus
809 2596 872 2630 est
893 2590 944 2630 ad
964 2590 1042 2629 hoc
1065 2604 1292 2629 concursus
1312 2602 1501 2641 magnUS,
1524 2602 1660 2640 usque
1681 2587 1732 2626 ad

336 2674 529 2714 magnam
560 2659 695 2698 noctis
720 2664 896 2711 partem.
957 2655 1019 2696 Et
1049 2663 1149 2696 tunc
1181 2655 1281 2708 quia
1305 2654 1443 2709 jejuni
1474 2660 1605 2703 erant,
1637 2669 1733 2707 pro-

337 2727 608 2768 crastinatum
647 2731 709 2765 cst
731 2738 865 2777 usque
887 2738 1006 2763 mane
1030 2722 1080 2762 ad
1102 2722 1408 2776 perficiendum
1438 2721 1553 2775 quod
1588 2720 1732 2760 lauda-

336 2794 477 2835 biliter
499 2794 636 2834 fuerat
658 2791 913 2831 inchoatum.
978 2789 1029 2829 In
1051 2788 1231 2829 crastino
1253 2795 1394 2829 autem
1413 2788 1522 2828 facta
1540 2803 1638 2827 voce
1655 2788 1730 2828 hac
