1908 3135
354 247 437 287 184
532 280 537 283 .
743 258 981 291 GIRALDUS
1015 258 1313 291 GAMBRENSIS
1601 244 1748 305 [APPK

1026 622 1088 663 II.

385 789 717 832 PRAEFATIO
750 787 818 829 IN
849 788 1099 830 LIBRUM
1130 789 1214 829 DE
1246 787 1716 829 INSTRUCTIONE

877 855 1233 896 PRINCIPIS.¹

137 1000 338 1064 Qssaeissglvsvlith
414 987 488 1028 AD
510 988 668 1028 curiam
688 988 819 1043 igitur
839 1003 863 1029 a
883 988 1039 1038 studio,
1061 987 1244 1042 peccatis
1265 985 1552 1040 exigentibUS,
1574 1000 1598 1025 a
1624 985 1744 1039 Rege

137 1066 338 1101 greatjemousy
356 1061 525 1095 vocatus
556 1055 640 1108 (eui
670 1056 777 1095 nihil
791 1056 930 1095 minus
962 1055 1095 1094 menti
1132 1069 1259 1108 quam
1291 1053 1476 1102 mentiri,
1498 1053 1605 1092 nihil
1638 1052 1747 1092 desi-

135 1099 314 1156 isslilizffrff‘
357 1122 472 1161 derio
503 1122 635 1176 magis
657 1137 785 1176 quam
817 1123 1025 1176 decipere,
1050 1136 1177 1175 quam
1199 1121 1381 1170 differre,
1404 1135 1533 1175 quam
1567 1134 1747 1173 sequen-

355 1187 464 1228 tium
519 1188 679 1228 animos
729 1195 772 1230 et
820 1188 1148 1243 obsequentium
1204 1187 1478 1228 dilationibus
1528 1186 1746 1239 cruciare,)

354 1254 463 1294 circa
483 1255 676 1305 eundem,
699 1256 973 1310 ejusdemque
996 1255 1187 1296 defuncti
1212 1254 1347 1295 filium
1377 1261 1506 1308 atque
1536 1254 1749 1294 haeredem

354 1327 398 1361 et
446 1321 609 1361 utinam
657 1336 743 1362 non
781 1322 995 1371 vitiosum,
1036 1321 1299 1376 irreparabili
1340 1322 1491 1361 damno
1530 1321 1615 1360 duo
1660 1320 1747 1360 fere

351 1387 484 1428 lustra
514 1403 777 1438 consumens,
808 1389 915 1429 nihil
945 1389 997 1429 ab
1028 1388 1111 1428 illis
1141 1393 1299 1442 praeter
1327 1387 1472 1428 inanes
1502 1386 1748 1427 vexationes

351 1460 395 1494 et
413 1469 544 1494 vacua
565 1455 659 1495 aeris
679 1455 883 1509 promissa
903 1455 1100 1509 suscepi.2

409 1521 456 1561 Si
479 1521 583 1574 quid
603 1521 715 1561 enim
735 1521 883 1575 gratiae
908 1535 1073 1561 morum
1101 1521 1296 1574 gravitas,
1323 1522 1357 1562 si
1387 1521 1491 1575 quid
1510 1520 1681 1570 litterae,
1709 1520 1745 1560 si

352 1587 455 1641 quid
475 1588 684 1628 industria
705 1588 895 1628 conferre
916 1588 1072 1641 potuit,
1092 1593 1232 1628 totum
1252 1587 1296 1628 id
1327 1595 1584 1642 suspectum,
1606 1595 1746 1628 totum

351 1654 567 1703 infestum,
605 1661 743 1694 totum
774 1669 966 1704 exosum,
1002 1654 1175 1695 Walliae
1216 1670 1370 1695 nomen
1409 1655 1580 1694 ademit.
1643 1654 1747 1694 Tres

351 1720 463 1761 enim
483 1728 648 1761 naturae
678 1728 819 1775 partes
851 1736 1108 1775 quamquam
1139 1721 1191 1761 ab
1224 1721 1377 1775 Anglis
1414 1729 1456 1762 et
1487 1721 1746 1762 Normannis

349 1786 461 1827 linea
482 1788 763 1828 contraxerim
794 1788 1002 1841 originali,
1033 1794 1253 1841 totamque
1291 1794 1498 1841 praeterea
1528 1788 1745 1828 convictus

351 1852 393 1905 (a
413 1869 498 1907 quo
529 1861 572 1894 et
592 1869 729 1894 mores
749 1855 1005 1907 formantur)
1039 1854 1138 1903 vim,
1170 1860 1333 1908 partem
1366 1861 1408 1894 et
1428 1855 1746 1908 proprietatem,

350 1920 518 1974 longam
571 1936 742 1974 quoque
792 1936 884 1961 eam
923 1921 1112 1960 morandi
1159 1921 1524 1970 consuetudinem,
1566 1936 1664 1974 quae
1705 1928 1748 1961 et

351 1987 524 2027 alteram
553 1988 633 2027 sibi
662 1994 856 2028 naturam
892 2001 1133 2041 comparare
1167 1987 1296 2036 solet3
1330 2002 1386 2027 ex
1422 1993 1572 2040 quarta
1607 1994 1747 2028 tamen

351 2054 578 2107 parentalis
604 2054 923 2108 propagationis
956 2054 1165 2102 columna,
1197 2060 1241 2093 et
1270 2061 1366 2107 post
1397 2053 1578 2102 tertiam,
1613 2053 1749 2107 prima

353 2126 555 2173 tanquam
584 2120 760 2174 genialis
782 2120 998 2174 quadrigae
1018 2127 1111 2160 rota
1131 2135 1156 2160 a
1189 2119 1372 2174 Trojana
1405 2120 1627 2160 nobilitate
1649 2135 1748 2160 con-

401 2256 409 2274 ¹
438 2255 521 2288 This
550 2256 578 2289 is
603 2256 660 2289 the
683 2255 816 2301 prefaee
844 2262 879 2289 to
905 2255 1015 2289 which
1087 2256 1307 2301 Canterbury,
1326 2256 1481 2289 Baldwin
1506 2255 1572 2288 and
1600 2254 1747 2297 Hubert,

351 2300 494 2333 allusion
512 2301 572 2334 has
598 2301 736 2346 already
756 2301 841 2335 been
864 2301 963 2334 made
981 2302 1014 2334 in
1086 2301 1164 2335 thus
1182 2302 1342 2346 proceeds
1359 2314 1414 2335 :——

352 2345 409 2378 the
426 2352 522 2380 notes
542 2353 576 2379 to
594 2359 626 2392 p.
643 2350 675 2381 3.
715 2347 747 2380 It
764 2348 793 2380 is
810 2347 910 2380 taken
928 2347 1013 2379 from
1132 2349 1152 2365 ‘⁴
1171 2348 1236 2380 Hic
1272 2348 1399 2381 tametsi
1433 2347 1565 2392 Angliae
1602 2346 1748 2391 Regibus

353 2391 463 2424 David
492 2393 646 2426 Powcll's
681 2393 755 2426 Life
784 2393 822 2425 of
853 2392 1014 2426 Giraldus
1084 2405 1205 2436 semper
1235 2395 1350 2426 charus
1388 2394 1546 2435 extiterit,
1575 2398 1607 2426 et
1637 2392 1749 2436 plnres

354 2437 580 2481 Cambrensis,
598 2439 750 2483 prefixed
768 2439 869 2472 tobis
887 2438 1014 2472 edition
1085 2439 1263 2483 legationes
1286 2451 1347 2482 pro
1374 2439 1439 2472 illis
1473 2439 1599 2480 obierit,
1629 2438 1747 2470 multos

352 2484 390 2515 of
402 2483 679 2517 theltinerarium
693 2485 868 2526 Cambriae,
882 2484 1015 2529 printed
1085 2490 1191 2518 tamen
1220 2486 1255 2518 in
1287 2486 1377 2518 curia
1405 2497 1446 2517 ex
1474 2485 1575 2528 primi
1606 2485 1746 2516 nominis

352 2528 387 2561 in
414 2529 595 2563 Camden's
617 2530 771 2574 Anglica,
796 2530 1015 2572 Normanica,
1084 2532 1245 2564 nobilibus
1284 2531 1483 2564 adversarios
1526 2530 1664 2563 habuit:
1706 2530 1745 2562 de

351 2585 372 2606 a
405 2574 573 2608 veteribus
606 2576 740 2620 scripta,
778 2588 811 2621 p.
846 2576 927 2618 817,
961 2575 1014 2609 ed.
1083 2577 1198 2619 quibus
1231 2580 1264 2609 in
1294 2576 1487 2621 praefatione
1515 2575 1592 2608 libri
1624 2575 1674 2607 sui
1706 2576 1744 2607 de

354 2621 455 2653 1603.
1086 2623 1255 2666 Principis
1283 2622 1506 2655 Instructione
1535 2622 1584 2654 ita
1610 2621 1743 2653 scribit.-

401 2665 473 2698 The
506 2666 625 2699 author
658 2667 695 2700 of
724 2667 790 2700 this
821 2667 905 2708 Life,
931 2667 1016 2700 after
1084 2668 1139 2701 Ad
1157 2668 1283 2700 curiam
1302 2667 1441 2712 igitur,''
1459 2666 1523 2700 διο.

351 2711 571 2755 noticingthe
584 2712 661 2754 fact,
675 2713 747 2745 that
766 2712 927 2745 Giraldus
946 2724 1013 2744 was
1130 2713 1142 2731 ²
1163 2713 1235 2757 [cf.
1254 2714 1328 2747 Lib.
1348 2713 1400 2746 De
1417 2712 1516 2746 rebus
1542 2723 1561 2744 a
1577 2723 1612 2744 se
1629 2711 1743 2756 gestis,

352 2756 506 2789 intimate
533 2758 613 2791 with
643 2758 700 2791 the
722 2757 955 2802 Archbishops
981 2758 1019 2791 of
1082 2759 1130 2792 iii.
1152 2758 1200 2804 L]
