1908 3135
491 206 553 237 DE
589 205 938 237 INSTRUCTIONE
975 206 1259 238 PRINCIPUM.
1489 200 1569 238 145

174 307 217 341 et
250 302 386 344 adhuc
407 304 449 344 in
485 304 604 344 cunis
634 305 873 354 educatum,
897 304 1038 359 Reges
1069 306 1316 346 remotiores
1350 306 1570 361 Hispaniae

174 369 392 411 Sarraceni
423 386 498 426 pcr
529 373 701 412 nuntios
732 387 843 421 suOS,
866 387 962 413 cum
993 374 1239 414 muneribus
1260 374 1387 428 regiis
1409 382 1452 414 et
1476 390 1570 428 pre-

172 437 290 477 tiosis
311 438 475 479 exeniis
496 438 539 479 in
562 439 783 480 Franciam
821 440 1017 489 directos,
1040 441 1083 480 in
1105 441 1346 481 visitatione
1379 441 1570 481 similiter

173 511 215 544 et
235 507 503 547 veneratione
525 507 699 561 dignum
721 508 881 548 duxere
904 515 946 547 et
974 523 1067 548 cum
1097 524 1146 548 eo
1172 509 1312 548 foedus
1333 508 1454 558 inire,
1479 516 1569 548 tan-

171 587 297 625 quam
319 580 522 614 terrarum
541 589 709 614 suarum
726 590 801 629 per
817 590 860 615 se
876 575 942 615 vel
962 590 1134 615 suorum
1148 575 1333 630 aliquem
1350 591 1570 630 expugna-

170 645 260 679 tore
276 639 436 689 futuro,
452 641 578 693 (sicut
594 657 669 695 per
686 642 853 682 oracula
864 649 1008 682 vatum
1023 658 1194 683 suorum
1203 644 1291 697 jam
1305 643 1568 696 didicerant,)

167 706 268 746 totis
290 707 507 747 desideriis
524 715 786 763 appetentes,
810 716 852 749 et
873 710 986 764 pacis
1008 711 1274 750 commodum
1295 711 1375 750 sibi
1397 711 1569 764 suisque

167 774 316 814 devote
354 775 586 829 postulare,
623 777 879 831 nominaque
920 792 996 817 sua
1038 778 1179 832 regiis,
1221 778 1333 832 apud
1365 777 1568 818 Sanctum

168 840 437 895 Dionysium,
459 843 610 883 ascribi
639 844 789 884 rotulis
823 851 865 884 et
894 845 1207 885 memorialibus
1236 845 1362 885 inseri
1393 845 1565 895 notulis,

166 908 274 960 (suae
298 910 468 963 quidem
490 926 513 950 a
533 910 657 965 longe
679 926 936 964 suorumque
954 912 1113 952 civitati
1133 912 1291 966 pariter
1312 918 1356 952 et
1376 912 1566 966 indemp-

166 977 290 1017 nitati
311 993 395 1018 non
416 978 647 1033 improvide
668 979 1006 1033 prospicientes,)
1028 979 1252 1034 impetrare
1274 986 1488 1020 curarunt.

223 1044 295 1085 Ad
314 1046 557 1086 vaticinium
578 1054 719 1087 autem
745 1046 824 1086 hoc
845 1047 1021 1087 veritate
1054 1047 1285 1087 subnixum
1308 1047 1565 1101 quandoque

127 1130 131 1132 ·
164 1112 372 1162 futurum,
396 1113 566 1153 evidens
586 1113 685 1153 hinc
706 1113 909 1154 indicium
932 1121 975 1154 et
990 1122 1286 1167 argumentum
1308 1114 1402 1153 elici
1423 1121 1565 1167 potest

163 1194 247 1219 non
278 1180 535 1230 invalidum;
571 1181 685 1234 quod
716 1181 993 1221 occidentalia
1023 1196 1151 1235 regna
1182 1181 1261 1221 tria
1290 1181 1353 1221 vel
1382 1188 1565 1234 quatuor

163 1246 382 1299 (quatinus
403 1247 471 1287 hic
496 1247 742 1302 anticipatio
762 1247 870 1301 fiat‚)
890 1247 1047 1301 Anglia
1068 1263 1138 1297 sc.,
1156 1248 1394 1301 Hybernia,
1420 1248 1563 1288 Scotia

162 1321 205 1353 et
240 1314 409 1364 Wallia,
446 1329 540 1355 cum
581 1331 710 1370 opum
749 1315 965 1355 affluentia
1000 1322 1043 1354 et
1081 1315 1330 1355 insularium
1366 1315 1561 1355 classium

161 1381 281 1436 copia
314 1397 478 1435 magna,
501 1382 714 1437 regiaeque
752 1382 975 1437 potestatis
1012 1382 1055 1422 in
1094 1382 1345 1422 immensum
1385 1382 1562 1422 adaucta

159 1449 365 1502 potentia,
384 1449 496 1490 dicto
518 1449 631 1504 Regi
652 1456 695 1490 et
721 1450 947 1490 heredibus
976 1450 1076 1499 suis,
1101 1456 1303 1503 tanquam
1324 1449 1377 1489 ad
1398 1449 1558 1489 cultum

161 1515 245 1555 Dei
281 1516 582 1570 ampliandum,
623 1516 690 1557 via
727 1524 977 1571 praeparata,
1013 1517 1102 1571 jam
1142 1531 1217 1570 per
1255 1517 1338 1557 Dei
1380 1516 1557 1570 gratiam

159 1583 303 1637 pronis
320 1583 551 1624 cervicibus
572 1583 662 1624 fore
683 1585 962 1639 sperabantur
984 1583 1183 1624 obnoxia.

217 1650 328 1691 Item
363 1651 413 1690 ad
435 1659 681 1705 argumenta
704 1666 874 1705 quoque
896 1652 1055 1692 futurae
1087 1650 1318 1705 majestatis
1338 1650 1555 1691 immensae

156 1718 258 1758 facit
297 1724 340 1758 et
377 1718 492 1766 visio,
536 1734 661 1772 quam
692 1719 797 1759 vidit
835 1719 964 1759 frater
1002 1718 1173 1772 quidam
1214 1717 1265 1757 de
1286 1717 1472 1766 Vicenis,
1495 1718 1557 1758 Vir

157 1786 329 1839 quidem
346 1785 528 1840 simplex
550 1794 593 1826 et
612 1794 751 1827 rectus
773 1801 818 1826 ac
840 1786 1073 1839 religiosus,
1106 1799 1255 1839 parum
1286 1792 1382 1824 ante
1415 1792 1555 1825 ortum

156 1853 258 1892 dicti
279 1853 411 1906 Regis
434 1853 638 1908 Philippi.
680 1853 869 1894 Videbat
890 1853 1001 1893 enim
1017 1867 1197 1907 puerum
1212 1852 1254 1891 111
1272 1852 1388 1892 cunis
1403 1853 1454 1892 ab
1469 1853 1553 1892 alto

155 1920 363 1974 dilapsum
385 1928 427 1961 et
448 1921 491 1960 in
514 1921 732 1961 Franciam
750 1921 989 1969 demissum,
1006 1920 1261 1973 Francisque
1280 1919 1397 1973 regni
1418 1919 1555 1960 haere-

154 1987 249 2027 dem
289 1988 473 2028 validum
514 2003 676 2028 summo
717 2003 842 2042 opcre
893 1987 1242 2035 desiderantibus,
1286 1994 1487 2040 tanquam
1531 2002 1554 2026 a

153 2055 248 2096 Deo
270 2056 434 2106 datum;
459 2055 533 2109 qui
565 2055 706 2096 subito
738 2055 881 2095 statim
912 2055 956 2095 in
987 2061 1118 2094 tantae
1151 2054 1416 2094 excellentiae
1449 2061 1554 2094 tam-

154 2138 236 2177 que
268 2138 454 2177 procerae
477 2130 650 2163 staturae
683 2124 947 2177 majestatem
969 2121 1132 2162 cunctis
1152 2121 1456 2161 admirantibus
1478 2136 1553 2160 ex-

153 2190 297 2239 crevit,
322 2191 436 2243 quod
468 2191 571 2230 duos
603 2190 814 2244 principes
851 2189 1054 2238 excelsos,
1089 2188 1356 2228 Alemanniae
1394 2187 1553 2227 scilicet

155 2257 460 2311 Imperatorem
475 2264 517 2296 et
533 2256 705 2310 Angliae
724 2257 904 2310 Regem,
923 2257 974 2296 ad
995 2256 1126 2295 latera
1146 2254 1277 2308 ipsius
1293 2261 1422 2307 prout
1438 2254 1551 2294 vide-

150 2325 276 2364 batur
307 2324 574 2372 constitutos,
607 2324 883 2378 superpositis
914 2323 1123 2377 capitibus
1160 2322 1347 2375 ipsorum
1383 2321 1549 2374 palmis,

152 2392 255 2432 adeo
290 2391 335 2431 in
371 2398 525 2431 terram
546 2391 782 2445 opprimere
805 2391 977 2431 deorsus
1000 2389 1111 2429 visus
1140 2396 1204 2428 est
1234 2396 1277 2428 et
1299 2388 1549 2441 deprimere,

152 2459 266 2512 quod
287 2458 395 2498 nihil
425 2473 480 2498 ex
502 2458 616 2512 ipsis,
642 2464 714 2497 aut
740 2457 859 2497 valde
881 2472 1042 2511 parum,
1067 2463 1254 2509 tempore
1276 2455 1393 2495 brevi
1413 2455 1548 2494 visum

151 2526 277 2565 estin
306 2525 429 2566 terris
458 2539 711 2578 comparere.
774 2524 916 2567 Quam
938 2524 1141 2564 visionem
1165 2522 1336 2576 quidem
1358 2521 1421 2561 his
1453 2536 1548 2561 nos-

151 2593 228 2633 tris
249 2593 398 2633 diebus
420 2592 518 2632 satis
537 2598 681 2645 aperte
703 2591 856 2631 veritas
881 2590 1150 2632 subsecutiva
1170 2589 1472 2643 comprobavit.

214 2660 323 2700 Item
366 2667 408 2700 et
448 2659 556 2698 illud
596 2659 710 2712 quod
748 2659 785 2699 ei
828 2659 900 2713 qui
932 2658 1098 2712 scripsit
1128 2657 1220 2697 hacc
1251 2656 1416 2705 accidit,
1440 2655 1549 2695 inter

153 2735 291 2768 cetera
329 2742 498 2781 quoque
535 2726 801 2780 prognostica
842 2725 1189 2779 praetereundum
1229 2723 1296 2763 hie
1337 2738 1424 2762 esse
1465 2736 1547 2762 11011

1351 2803 1374 2828 L
