1908 3135
345 261 370 298 4
817 271 1061 303 PRAEFATIO
1094 272 1260 304 PRIMA.

342 367 438 408 inde
470 369 649 422 jactanti
681 383 727 408 ac
764 369 977 422 glorianti,
1003 384 1027 409 a
1058 369 1266 423 Dionysio
1299 368 1550 423 philosopho
1582 369 1638 408 sic
1669 383 1734 408 re-

342 449 541 488 sponsum
580 435 722 475 fuisse.
784 435 999 476 Praeterea
1034 436 1129 490 quis
1157 436 1283 476 hodie
1318 436 1532 490 praelatus,
1563 436 1637 489 qui
1669 450 1736 475 ca-

341 501 532 542 nonicam
568 502 683 542 illam
718 503 936 556 pastoralis
969 502 1045 542 viri
1073 503 1395 557 descriptionem
1420 502 1486 542 vel
1516 503 1561 542 in
1590 502 1735 556 paucis

341 567 600 622 adimpleat?
680 569 790 611 Quis
831 570 1115 623 orphanorum
1156 576 1198 609 et
1227 569 1488 623 pupillorum
1527 575 1736 609 sustenta-

341 634 441 673 tor?
521 635 630 676 Quis
668 636 876 675 bonorum
919 635 1105 676 ecclesiae
1150 636 1285 676 fidelis
1325 636 1618 690 dispensator?
1676 635 1737 675 Et

340 707 390 741 ut
414 702 466 742 de
497 702 635 742 anima
669 717 746 756 pro
778 702 925 742 ovibus
956 703 1151 757 ponenda
1177 710 1349 752 taceam,
1373 703 1468 756 quis
1497 703 1622 743 hodie
1643 717 1736 756 pas-

340 775 420 817 tor,
459 769 546 823 qui,
579 769 686 809 lacte
727 769 860 809 solum
901 777 945 810 et
981 769 1076 809 lana
1113 770 1338 824 perceptis,
1375 769 1559 809 debitam
1597 769 1734 823 gregis

340 835 651 876 solicitudinem
691 836 756 876 vel
795 836 839 875 in
880 836 1045 876 modico
1084 837 1233 890 gerat?
1293 837 1456 877 Paucos
1495 837 1652 876 etenim
1690 836 1733 875 in

338 902 530 956 partibus
551 903 705 943 nostris
725 902 924 957 praelatos
944 903 1067 943 hodie
1088 903 1293 953 videmus,
1316 904 1390 957 qui
1410 918 1494 943 non
1524 903 1735 943 fiscalibus

338 969 462 1023 longe
512 969 762 1025 propensius
812 984 940 1023 quarn
979 970 1290 1024 episcopalibus
1335 971 1445 1010 curis
1481 970 1735 1024 indulgeat?

341 1036 453 1077 Sunt
474 1037 632 1092 quippe
654 1043 842 1091 pastores
865 1036 937 1090 qui
958 1051 1043 1076 non
1064 1052 1233 1091 pascere
1256 1043 1469 1091 quaerunt,
1492 1037 1565 1076 sed
1593 1037 1733 1090 pasci3

339 1111 439 1144 sunt
481 1104 648 1158 praelati
697 1103 771 1157 qui
802 1118 981 1157 praeesse
1018 1104 1210 1158 cupiunt,
1246 1119 1331 1144 non
1369 1104 1593 1158 prodesse3
1637 1111 1736 1145 sunt

338 1171 525 1225 episcopi
559 1171 633 1225 qui
664 1186 748 1211 non
778 1186 901 1211 omen
933 1171 1150 1225 dignitatis
1186 1172 1257 1213 sed
1298 1187 1466 1222 nomen,
1506 1187 1592 1213 non
1629 1188 1734 1214 onus

337 1238 411 1277 sed
470 1238 674 1278 honorem
732 1238 1060 1293 amplectuntur.
1141 1239 1265 1279 Tales
1316 1239 1460 1293 itaque
1508 1240 1733 1294 principes,

338 1304 527 1358 talesque
544 1305 712 1359 praelati
732 1312 876 1346 nostro
896 1320 1008 1346 nunc
1030 1321 1197 1346 causam
1217 1306 1375 1348 calamo
1396 1308 1567 1349 donant.

394 1371 476 1412 Est
507 1387 606 1425 ergo
629 1373 883 1413 trimembris
914 1373 1051 1428 operis
1080 1373 1209 1428 hujus
1242 1374 1483 1424 distinctio3
1515 1375 1650 1429 prima
1680 1375 1731 1416 de

335 1438 526 1493 principe
558 1439 804 1480 instruendo
833 1455 909 1494 per
928 1440 1042 1481 varia
1070 1448 1291 1481 auctorum
1322 1448 1408 1481 tam
1439 1441 1732 1495 theologorum

337 1520 464 1559 quam
492 1506 757 1547 ethnicorum
779 1513 822 1547 et
843 1507 1077 1548 ethicorum
1104 1507 1358 1557 testimonia,
1381 1508 1612 1549 doctrinam
1632 1524 1731 1549 con-

336 1572 445 1612 tinet
465 1578 508 1613 et
527 1581 756 1628 praecepta.
806 1574 1002 1615 Secunda
1021 1590 1119 1616 vero
1140 1582 1183 1616 et
1203 1575 1329 1617 tertia
1347 1575 1552 1617 rationem
1569 1577 1700 1618 docen

336 1637 549 1691 regiminis
569 1654 645 1693 per
667 1641 877 1695 exempla.

394 1704 478 1745 Sed
495 1706 695 1758 quoniam
710 1708 912 1761 opuscula
927 1715 1070 1749 nostra
1084 1725 1182 1764 quae
1195 1710 1402 1764 juveniles
1416 1711 1516 1752 olim
1529 1712 1628 1752 anni
1642 1727 1729 1752 am-

335 1771 432 1811 bitu
460 1772 577 1825 pleni
607 1773 813 1814 laboriose
848 1776 1153 1829 produxerant,
1192 1777 1273 1817 alia
1310 1777 1573 1832 principibus
1615 1779 1729 1819 edita

334 1837 517 1887 fuerant,
537 1839 618 1879 alia
645 1840 831 1894 praelatis
856 1849 899 1882 et
919 1842 1204 1894 infructuose3
1238 1844 1421 1900 (scriptis
1442 1845 1567 1886 hodie
1595 1846 1726 1895 novis,

336 1920 591 1959 quamquam
624 1908 814 1961 egregiis,
842 1909 987 1950 innata
1016 1911 1153 1951 finalis
1180 1911 1307 1967 hujus
1340 1914 1540 1968 temporis
1572 1915 1732 1956 malitia

335 1971 477 2011 odium
499 1974 755 2024 auctoribus,
772 1974 971 2016 invidiam
987 1977 1144 2031 pariter
1163 1985 1206 2018 et
1226 1979 1438 2030 offensam,
1459 1996 1541 2021 non
1562 1983 1732 2035 praemi-

332 2051 406 2077 um
433 2045 507 2078 aut
527 2039 703 2091 gratiam
721 2043 1077 2097 comparantibus)
1095 2061 1104 2093 3
1137 2045 1212 2084 hos
1232 2046 1420 2100 aliosque
1441 2056 1615 2089 conatus
1636 2065 1731 2091 nos-

332 2110 432 2153 tros,
448 2119 553 2158 quos
571 2105 711 2146 divino
725 2107 849 2148 dante
867 2108 1008 2149 favore
1023 2118 1165 2151 nostra
1178 2113 1227 2152 de
1242 2120 1395 2154 caetero
1408 2116 1567 2168 poterit
1579 2132 1725 2170 parere

334 2170 568 2224 diligentia,
599 2174 851 2226 posteritati,
875 2191 971 2229 quae
1003 2177 1140 2231 dignis
1167 2179 1314 2220 saltem
1343 2188 1386 2221 et
1409 2181 1729 2235 absque'livore

332 2238 506 2278 laudum
525 2240 746 2293 praeconiis
766 2241 973 2282 litteratos
995 2245 1200 2298 cujusque
1220 2245 1383 2287 labores
1404 2249 1596 2300 extollet,
1618 2266 1729 2304 prae-

331 2305 603 2346 sentabimus.
645 2306 760 2347 Illud
772 2308 915 2348 nobile
933 2309 1147 2352 Ciceronis
1161 2313 1376 2367 eulogium
1392 2330 1556 2369 semper
1572 2317 1624 2356 ad
1637 2318 1728 2357 ani-

330 2386 447 2411 mum
468 2381 723 2422 revocantes,
745 2382 976 2428 praesentes
1002 2377 1166 2419 fructus
1197 2388 1525 2432 contemnamus,
1547 2384 1725 2437 posteri-

330 2439 429 2478 tatis
458 2439 604 2493 gloriae
636 2442 903 2482 serviamus.”
950 2443 1010 2484 Et
1030 2444 1137 2485 illud
1158 2447 1371 2500 ejusdem:
1406 2452 1433 2471 ‘⁶
1448 2449 1564 2490 Vitae
1585 2451 1723 2492 brevis

331 2512 394 2544 est
415 2520 573 2555 cursus,
588 2507 732 2560 gloriae
756 2509 1077 2563 sempiternus.”
1107 2512 1168 2553 Et
1184 2513 1291 2554 illud
1304 2515 1550 2569 cogitemuS,
1570 2533 1722 2572 corpus

329 2585 417 2611 esse
430 2573 619 2622 mortale,
638 2575 766 2614 animi
786 2591 884 2616 vero
904 2584 1044 2618 motus
1065 2588 1108 2620 et
1124 2580 1291 2621 virtutis
1306 2583 1483 2635 gloriam
1504 2585 1723 2638 sempiter-

329 2652 440 2678 nam.
499 2639 560 2678 Et
589 2640 695 2680 illud
717 2640 868 2683 Plinii:
903 2647 929 2665 “
949 2644 1169 2700 Quicquid
1188 2662 1299 2701 agas,
1321 2664 1484 2704 semper
1513 2651 1645 2704 gloria
1673 2652 1727 2693 sit

330 2703 409 2744 tibi
431 2711 527 2745 ante
549 2707 690 2748 oculos
708 2716 751 2749 et
772 2710 1027 2752 aeternitas.”

387 2770 601 2812 Caeterum
634 2774 667 2814 si
704 2775 887 2829 cuipiam
920 2778 1214 2821 modernorum
1248 2783 1487 2837 principum
1516 2786 1716 2838 opuscula
