<?xml version="1.0" encoding="UTF-8"?>
<!DOCTYPE html PUBLIC "-//W3C//DTD XHTML 1.0 Transitional//EN"
    "http://www.w3.org/TR/xhtml1/DTD/xhtml1-transitional.dtd">
<html xmlns="http://www.w3.org/1999/xhtml" xml:lang="en" lang="en">
 <head>
  <title>
</title>
<meta http-equiv="Content-Type" content="text/html;charset=utf-8" />
  <meta name='ocr-system' content='tesseract 3.04.00' />
  <meta name='ocr-capabilities' content='ocr_page ocr_carea ocr_par ocr_line ocrx_word'/>
</head>
<body>
  <div class='ocr_page' id='page_1' title='image "./giralduscambrens03girauoft_0207.png"; bbox 0 0 1908 3135; ppageno 0'>
   <div class='ocr_carea' id='block_1_1' title="bbox 535 204 1614 249">
    <p class='ocr_par' dir='ltr' id='par_1_1' title="bbox 535 204 1614 249">
     <span class='ocr_line' id='line_1_1' title="bbox 535 204 1614 249; baseline 0.006 -7"><span class='ocrx_word' id='word_1_1' title='bbox 535 212 599 242; x_wconf 88' lang='lat' dir='ltr'>DE</span> <span class='ocrx_word' id='word_1_2' title='bbox 634 212 982 244; x_wconf 85' lang='lat' dir='ltr'>INSTRUCTIONE</span> <span class='ocrx_word' id='word_1_3' title='bbox 1018 213 1298 246; x_wconf 84' lang='lat' dir='ltr'><strong>PRINCIPUM.</strong></span> <span class='ocrx_word' id='word_1_4' title='bbox 1533 204 1614 249; x_wconf 81' lang='lat'>167</span> 
     </span>
    </p>
   </div>
   <div class='ocr_carea' id='block_1_2' title="bbox 197 310 1615 2520">
    <p class='ocr_par' dir='ltr' id='par_1_2' title="bbox 197 310 1615 2520">
     <span class='ocr_line' id='line_1_2' title="bbox 222 310 1612 369; baseline 0.005 -21"><span class='ocrx_word' id='word_1_5' title='bbox 222 323 348 362; x_wconf 88' lang='lat' dir='ltr'>quem</span> <span class='ocrx_word' id='word_1_6' title='bbox 370 310 521 364; x_wconf 90' lang='lat' dir='ltr'>vulgus</span> <span class='ocrx_word' id='word_1_7' title='bbox 543 311 709 366; x_wconf 84' lang='lat' dir='ltr'>Regem</span> <span class='ocrx_word' id='word_1_8' title='bbox 730 312 898 354; x_wconf 84' lang='lat' dir='ltr'>Rufum</span> <span class='ocrx_word' id='word_1_9' title='bbox 919 313 1094 362; x_wconf 79' lang='lat' dir='ltr'>vocavit,</span> <span class='ocrx_word' id='word_1_10' title='bbox 1119 321 1161 354; x_wconf 88' lang='lat' dir='ltr'>et</span> <span class='ocrx_word' id='word_1_11' title='bbox 1182 313 1249 353; x_wconf 92' lang='lat' dir='ltr'>hic</span> <span class='ocrx_word' id='word_1_12' title='bbox 1272 314 1483 367; x_wconf 78' lang='lat' dir='ltr'>explicare</span> <span class='ocrx_word' id='word_1_13' title='bbox 1504 329 1612 369; x_wconf 85' lang='lat' dir='ltr'>prae—</span> 
     </span>
     <span class='ocr_line' id='line_1_3' title="bbox 220 380 1613 433; baseline 0.004 -18"><span class='ocrx_word' id='word_1_14' title='bbox 220 383 285 415; x_wconf 89' lang='lat' dir='ltr'>ter</span> <span class='ocrx_word' id='word_1_15' title='bbox 304 392 392 418; x_wconf 88' lang='lat' dir='ltr'>rem</span> <span class='ocrx_word' id='word_1_16' title='bbox 414 393 499 418; x_wconf 89' lang='lat' dir='ltr'>non</span> <span class='ocrx_word' id='word_1_17' title='bbox 520 380 680 433; x_wconf 85' lang='lat' dir='ltr'>putavi.</span> <span class='ocrx_word' id='word_1_18' title='bbox 740 380 848 420; x_wconf 84' lang='lat' dir='ltr'>Erat</span> <span class='ocrx_word' id='word_1_19' title='bbox 869 380 981 420; x_wconf 88' lang='lat' dir='ltr'>enim</span> <span class='ocrx_word' id='word_1_20' title='bbox 996 380 1096 420; x_wconf 79' lang='lat' dir='ltr'>Rex</span> <span class='ocrx_word' id='word_1_21' title='bbox 1117 380 1188 420; x_wconf 89' lang='lat' dir='ltr'>ille</span> <span class='ocrx_word' id='word_1_22' title='bbox 1210 387 1407 421; x_wconf 88' lang='lat' dir='ltr'>strenuus</span> <span class='ocrx_word' id='word_1_23' title='bbox 1427 381 1470 421; x_wconf 91' lang='lat' dir='ltr'>in</span> <span class='ocrx_word' id='word_1_24' title='bbox 1489 383 1613 422; x_wconf 87' lang='lat' dir='ltr'>armis</span> 
     </span>
     <span class='ocr_line' id='line_1_4' title="bbox 220 449 1615 505; baseline 0.004 -18"><span class='ocrx_word' id='word_1_25' title='bbox 220 453 263 486; x_wconf 86' lang='lat' dir='ltr'>et</span> <span class='ocrx_word' id='word_1_26' title='bbox 293 449 520 498; x_wconf 86' lang='lat' dir='ltr'>animosus,</span> <span class='ocrx_word' id='word_1_27' title='bbox 549 450 622 490; x_wconf 87' lang='lat' dir='ltr'>sed</span> <span class='ocrx_word' id='word_1_28' title='bbox 660 458 879 504; x_wconf 80' lang='lat' dir='ltr'>tyrannUS,</span> <span class='ocrx_word' id='word_1_29' title='bbox 911 451 1015 491; x_wconf 85' lang='lat' dir='ltr'>adeo</span> <span class='ocrx_word' id='word_1_30' title='bbox 1049 451 1245 491; x_wconf 86' lang='lat' dir='ltr'>militiam</span> <span class='ocrx_word' id='word_1_31' title='bbox 1275 451 1453 505; x_wconf 90' lang='lat' dir='ltr'>diligens</span> <span class='ocrx_word' id='word_1_32' title='bbox 1485 452 1615 492; x_wconf 84' lang='lat' dir='ltr'>eccle-</span> 
     </span>
     <span class='ocr_line' id='line_1_5' title="bbox 218 514 1615 569; baseline 0.004 -16"><span class='ocrx_word' id='word_1_33' title='bbox 218 514 406 569; x_wconf 87' lang='lat' dir='ltr'>siamque</span> <span class='ocrx_word' id='word_1_34' title='bbox 428 517 511 557; x_wconf 81' lang='lat' dir='ltr'>Dei</span> <span class='ocrx_word' id='word_1_35' title='bbox 547 532 719 558; x_wconf 83' lang='lat' dir='ltr'>exosam</span> <span class='ocrx_word' id='word_1_36' title='bbox 739 518 913 568; x_wconf 87' lang='lat' dir='ltr'>habens,</span> <span class='ocrx_word' id='word_1_37' title='bbox 936 526 985 559; x_wconf 91' lang='lat' dir='ltr'>ut</span> <span class='ocrx_word' id='word_1_38' title='bbox 1005 518 1258 558; x_wconf 87' lang='lat' dir='ltr'>monasteria</span> <span class='ocrx_word' id='word_1_39' title='bbox 1279 525 1431 558; x_wconf 84' lang='lat' dir='ltr'>cuncta</span> <span class='ocrx_word' id='word_1_40' title='bbox 1452 518 1615 558; x_wconf 79' lang='lat' dir='ltr'>domos-</span> 
     </span>
     <span class='ocr_line' id='line_1_6' title="bbox 219 583 1614 639; baseline 0.004 -18"><span class='ocrx_word' id='word_1_41' title='bbox 219 595 301 634; x_wconf 88' lang='lat' dir='ltr'>que</span> <span class='ocrx_word' id='word_1_42' title='bbox 337 583 552 636; x_wconf 84' lang='lat' dir='ltr'>religiosas</span> <span class='ocrx_word' id='word_1_43' title='bbox 586 585 638 624; x_wconf 87' lang='lat' dir='ltr'>ab</span> <span class='ocrx_word' id='word_1_44' title='bbox 674 583 828 638; x_wconf 89' lang='lat' dir='ltr'>Anglis</span> <span class='ocrx_word' id='word_1_45' title='bbox 863 585 964 625; x_wconf 91' lang='lat' dir='ltr'>olim</span> <span class='ocrx_word' id='word_1_46' title='bbox 998 585 1196 625; x_wconf 87' lang='lat' dir='ltr'>fundatas</span> <span class='ocrx_word' id='word_1_47' title='bbox 1228 600 1304 639; x_wconf 91' lang='lat' dir='ltr'>per</span> <span class='ocrx_word' id='word_1_48' title='bbox 1340 585 1540 639; x_wconf 88' lang='lat' dir='ltr'>Angliam</span> <span class='ocrx_word' id='word_1_49' title='bbox 1573 596 1614 627; x_wconf 89' lang='lat' dir='ltr'>et</span> 
     </span>
     <span class='ocr_line' id='line_1_7' title="bbox 217 648 1613 707; baseline 0.004 -20"><span class='ocrx_word' id='word_1_50' title='bbox 217 648 383 697; x_wconf 89' lang='lat' dir='ltr'>ditatas,</span> <span class='ocrx_word' id='word_1_51' title='bbox 406 664 501 690; x_wconf 89' lang='lat' dir='ltr'>cum</span> <span class='ocrx_word' id='word_1_52' title='bbox 514 650 637 690; x_wconf 88' lang='lat' dir='ltr'>terris</span> <span class='ocrx_word' id='word_1_53' title='bbox 659 651 853 691; x_wconf 90' lang='lat' dir='ltr'>omnibus</span> <span class='ocrx_word' id='word_1_54' title='bbox 869 658 912 692; x_wconf 89' lang='lat' dir='ltr'>et</span> <span class='ocrx_word' id='word_1_55' title='bbox 932 652 1282 705; x_wconf 82' lang='lat' dir='ltr'>possessionibus,</span> <span class='ocrx_word' id='word_1_56' title='bbox 1304 651 1369 691; x_wconf 92' lang='lat' dir='ltr'>vel</span> <span class='ocrx_word' id='word_1_57' title='bbox 1391 667 1446 692; x_wconf 84' lang='lat' dir='ltr'>ex</span> <span class='ocrx_word' id='word_1_58' title='bbox 1466 654 1613 707; x_wconf 88' lang='lat' dir='ltr'>majori</span> 
     </span>
     <span class='ocr_line' id='line_1_8' title="bbox 214 716 1611 774; baseline 0.004 -19"><span class='ocrx_word' id='word_1_59' title='bbox 214 716 410 757; x_wconf 85' lang='lat' dir='ltr'>mutilare</span> <span class='ocrx_word' id='word_1_60' title='bbox 443 717 509 758; x_wconf 91' lang='lat' dir='ltr'>vel</span> <span class='ocrx_word' id='word_1_61' title='bbox 548 718 592 757; x_wconf 91' lang='lat' dir='ltr'>in</span> <span class='ocrx_word' id='word_1_62' title='bbox 620 718 825 759; x_wconf 89' lang='lat' dir='ltr'>militares</span> <span class='ocrx_word' id='word_1_63' title='bbox 859 719 1006 760; x_wconf 89' lang='lat' dir='ltr'>feodos</span> <span class='ocrx_word' id='word_1_64' title='bbox 1028 726 1271 760; x_wconf 89' lang='lat' dir='ltr'>convertere</span> <span class='ocrx_word' id='word_1_65' title='bbox 1299 720 1611 774; x_wconf 88' lang='lat' dir='ltr'>proposuisset;</span> 
     </span>
     <span class='ocr_line' id='line_1_9' title="bbox 214 782 1612 840; baseline 0.004 -18"><span class='ocrx_word' id='word_1_66' title='bbox 214 782 369 833; x_wconf 89' lang='lat' dir='ltr'>dicens,</span> <span class='ocrx_word' id='word_1_67' title='bbox 392 784 615 825; x_wconf 89' lang='lat' dir='ltr'>dimidium</span> <span class='ocrx_word' id='word_1_68' title='bbox 649 786 737 826; x_wconf 84' lang='lat' dir='ltr'>fere</span> <span class='ocrx_word' id='word_1_69' title='bbox 773 787 890 840; x_wconf 89' lang='lat' dir='ltr'>regni</span> <span class='ocrx_word' id='word_1_70' title='bbox 928 786 1154 840; x_wconf 89' lang='lat' dir='ltr'>Anglicani</span> <span class='ocrx_word' id='word_1_71' title='bbox 1187 786 1382 840; x_wconf 77' lang='lat' dir='ltr'>religioni</span> <span class='ocrx_word' id='word_1_72' title='bbox 1413 787 1612 828; x_wconf 90' lang='lat' dir='ltr'>collatum</span> 
     </span>
     <span class='ocr_line' id='line_1_10' title="bbox 214 852 1612 906; baseline 0.003 -16"><span class='ocrx_word' id='word_1_73' title='bbox 214 866 317 900; x_wconf 87' lang='lat' dir='ltr'>esse,</span> <span class='ocrx_word' id='word_1_74' title='bbox 352 852 482 906; x_wconf 89' lang='lat' dir='ltr'>idque</span> <span class='ocrx_word' id='word_1_75' title='bbox 510 859 651 894; x_wconf 90' lang='lat' dir='ltr'>totum</span> <span class='ocrx_word' id='word_1_76' title='bbox 686 854 739 894; x_wconf 83' lang='lat' dir='ltr'>ad</span> <span class='ocrx_word' id='word_1_77' title='bbox 774 869 941 895; x_wconf 86' lang='lat' dir='ltr'>coronae</span> <span class='ocrx_word' id='word_1_78' title='bbox 983 855 1285 903; x_wconf 86' lang='lat' dir='ltr'>defensionem,</span> <span class='ocrx_word' id='word_1_79' title='bbox 1319 854 1352 894; x_wconf 87' lang='lat' dir='ltr'>si</span> <span class='ocrx_word' id='word_1_80' title='bbox 1388 855 1612 895; x_wconf 85' lang='lat' dir='ltr'>necessitas</span> 
     </span>
     <span class='ocr_line' id='line_1_11' title="bbox 212 918 1612 975; baseline 0.002 -17"><span class='ocrx_word' id='word_1_81' title='bbox 212 918 444 972; x_wconf 83' lang='lat' dir='ltr'>ingrueret,</span> <span class='ocrx_word' id='word_1_82' title='bbox 486 920 552 960; x_wconf 89' lang='lat' dir='ltr'>vel</span> <span class='ocrx_word' id='word_1_83' title='bbox 593 921 764 961; x_wconf 87' lang='lat' dir='ltr'>omnino</span> <span class='ocrx_word' id='word_1_84' title='bbox 803 921 869 962; x_wconf 88' lang='lat' dir='ltr'>vel</span> <span class='ocrx_word' id='word_1_85' title='bbox 908 936 1058 975; x_wconf 87' lang='lat' dir='ltr'>parum</span> <span class='ocrx_word' id='word_1_86' title='bbox 1099 922 1330 975; x_wconf 88' lang='lat' dir='ltr'>suffragari.</span> <span class='ocrx_word' id='word_1_87' title='bbox 1392 921 1461 961; x_wconf 91' lang='lat' dir='ltr'>Ad</span> <span class='ocrx_word' id='word_1_88' title='bbox 1511 921 1612 962; x_wconf 85' lang='lat' dir='ltr'>talia</span> 
     </span>
     <span class='ocr_line' id='line_1_12' title="bbox 213 987 1610 1041; baseline 0.002 -16"><span class='ocrx_word' id='word_1_89' title='bbox 213 1000 397 1040; x_wconf 88' lang='lat' dir='ltr'>namque</span> <span class='ocrx_word' id='word_1_90' title='bbox 418 987 491 1027; x_wconf 85' lang='lat' dir='ltr'>illa</span> <span class='ocrx_word' id='word_1_91' title='bbox 510 987 734 1028; x_wconf 85' lang='lat' dir='ltr'>dicendum</span> <span class='ocrx_word' id='word_1_92' title='bbox 765 988 832 1029; x_wconf 92' lang='lat' dir='ltr'>vel</span> <span class='ocrx_word' id='word_1_93' title='bbox 859 988 1144 1041; x_wconf 88' lang='lat' dir='ltr'>cogitandum,</span> <span class='ocrx_word' id='word_1_94' title='bbox 1177 1003 1340 1028; x_wconf 90' lang='lat' dir='ltr'>necnon</span> <span class='ocrx_word' id='word_1_95' title='bbox 1374 987 1544 1029; x_wconf 82' lang='lat' dir='ltr'>effectui</span> <span class='ocrx_word' id='word_1_96' title='bbox 1577 990 1610 1029; x_wconf 91' lang='lat' dir='ltr'>si</span> 
     </span>
     <span class='ocr_line' id='line_1_13' title="bbox 212 1054 1608 1110; baseline 0.003 -18"><span class='ocrx_word' id='word_1_97' title='bbox 212 1054 374 1106; x_wconf 84' lang='lat' dir='ltr'>possint</span> <span class='ocrx_word' id='word_1_98' title='bbox 394 1054 733 1109; x_wconf 86' lang='lat' dir='ltr'>mancipandum,</span> <span class='ocrx_word' id='word_1_99' title='bbox 753 1056 966 1110; x_wconf 84' lang='lat' dir='ltr'>principes</span> <span class='ocrx_word' id='word_1_100' title='bbox 997 1070 1212 1110; x_wconf 89' lang='lat' dir='ltr'>perversos</span> <span class='ocrx_word' id='word_1_101' title='bbox 1232 1056 1432 1095; x_wconf 85' lang='lat' dir='ltr'>inducere</span> <span class='ocrx_word' id='word_1_102' title='bbox 1453 1056 1608 1110; x_wconf 90' lang='lat' dir='ltr'>potuit,</span> 
     </span>
     <span class='ocr_line' id='line_1_14' title="bbox 212 1120 1611 1177; baseline 0.001 -17"><span class='ocrx_word' id='word_1_103' title='bbox 212 1121 326 1173; x_wconf 91' lang='lat' dir='ltr'>quod</span> <span class='ocrx_word' id='word_1_104' title='bbox 359 1120 545 1175; x_wconf 85' lang='lat' dir='ltr'>Angliae,</span> <span class='ocrx_word' id='word_1_105' title='bbox 569 1121 740 1175; x_wconf 84' lang='lat' dir='ltr'>Regum</span> <span class='ocrx_word' id='word_1_106' title='bbox 762 1122 1000 1176; x_wconf 88' lang='lat' dir='ltr'>Anglorum</span> <span class='ocrx_word' id='word_1_107' title='bbox 1031 1129 1220 1177; x_wconf 84' lang='lat' dir='ltr'>tempore</span> <span class='ocrx_word' id='word_1_108' title='bbox 1243 1130 1285 1163; x_wconf 92' lang='lat' dir='ltr'>et</span> <span class='ocrx_word' id='word_1_109' title='bbox 1316 1123 1442 1162; x_wconf 85' lang='lat' dir='ltr'>etiam</span> <span class='ocrx_word' id='word_1_110' title='bbox 1460 1123 1611 1177; x_wconf 90' lang='lat' dir='ltr'>penul-</span> 
     </span>
     <span class='ocr_line' id='line_1_15' title="bbox 213 1187 1609 1239; baseline 0.001 -12"><span class='ocrx_word' id='word_1_111' title='bbox 213 1187 303 1227; x_wconf 86' lang='lat' dir='ltr'>timi</span> <span class='ocrx_word' id='word_1_112' title='bbox 343 1188 542 1229; x_wconf 86' lang='lat' dir='ltr'>Edwardi</span> <span class='ocrx_word' id='word_1_113' title='bbox 578 1189 1044 1230; x_wconf 88' lang='lat' dir='ltr'>Westmonasteriensis</span> <span class='ocrx_word' id='word_1_114' title='bbox 1085 1190 1247 1239; x_wconf 89' lang='lat' dir='ltr'>diebus,</span> <span class='ocrx_word' id='word_1_115' title='bbox 1282 1190 1411 1230; x_wconf 86' lang='lat' dir='ltr'>annui</span> <span class='ocrx_word' id='word_1_116' title='bbox 1450 1190 1609 1230; x_wconf 87' lang='lat' dir='ltr'>fiscales</span> 
     </span>
     <span class='ocr_line' id='line_1_16' title="bbox 207 1255 1609 1311; baseline 0.001 -17"><span class='ocrx_word' id='word_1_117' title='bbox 207 1255 414 1305; x_wconf 86' lang='lat' dir='ltr'>redditus,</span> <span class='ocrx_word' id='word_1_118' title='bbox 436 1255 548 1295; x_wconf 90' lang='lat' dir='ltr'>sicut</span> <span class='ocrx_word' id='word_1_119' title='bbox 567 1256 611 1295; x_wconf 91' lang='lat' dir='ltr'>in</span> <span class='ocrx_word' id='word_1_120' title='bbox 632 1256 773 1297; x_wconf 87' lang='lat' dir='ltr'>rotulo</span> <span class='ocrx_word' id='word_1_121' title='bbox 805 1257 1043 1297; x_wconf 87' lang='lat' dir='ltr'>Wintoniae</span> <span class='ocrx_word' id='word_1_122' title='bbox 1058 1259 1070 1280; x_wconf 79' lang='lat'>1</span> <span class='ocrx_word' id='word_1_123' title='bbox 1092 1258 1317 1311; x_wconf 87' lang='lat' dir='ltr'>reperitur,</span> <span class='ocrx_word' id='word_1_124' title='bbox 1346 1257 1398 1296; x_wconf 91' lang='lat' dir='ltr'>ad</span> <span class='ocrx_word' id='word_1_125' title='bbox 1427 1258 1491 1297; x_wconf 70' lang='lat' dir='ltr'>lxa</span> <span class='ocrx_word' id='word_1_126' title='bbox 1515 1258 1609 1297; x_wconf 87' lang='lat' dir='ltr'>mil-</span> 
     </span>
     <span class='ocr_line' id='line_1_17' title="bbox 208 1322 1608 1377; baseline 0.002 -16"><span class='ocrx_word' id='word_1_127' title='bbox 208 1322 314 1362; x_wconf 91' lang='lat' dir='ltr'>lium</span> <span class='ocrx_word' id='word_1_128' title='bbox 346 1337 580 1362; x_wconf 83' lang='lat' dir='ltr'>marcarum</span> <span class='ocrx_word' id='word_1_129' title='bbox 599 1338 805 1363; x_wconf 88' lang='lat' dir='ltr'>summam</span> <span class='ocrx_word' id='word_1_130' title='bbox 826 1323 1072 1377; x_wconf 81' lang='lat' dir='ltr'>implebant.</span> <span class='ocrx_word' id='word_1_131' title='bbox 1125 1323 1335 1377; x_wconf 88' lang='lat' dir='ltr'>Tempore</span> <span class='ocrx_word' id='word_1_132' title='bbox 1356 1338 1454 1363; x_wconf 91' lang='lat' dir='ltr'>vero</span> <span class='ocrx_word' id='word_1_133' title='bbox 1476 1323 1608 1377; x_wconf 88' lang='lat' dir='ltr'>Regis</span> 
     </span>
     <span class='ocr_line' id='line_1_18' title="bbox 209 1389 1607 1444; baseline 0.001 -15"><span class='ocrx_word' id='word_1_134' title='bbox 209 1389 388 1430; x_wconf 90' lang='lat' dir='ltr'>Henrici</span> <span class='ocrx_word' id='word_1_135' title='bbox 409 1390 597 1439; x_wconf 89' lang='lat' dir='ltr'>secundi,</span> <span class='ocrx_word' id='word_1_136' title='bbox 621 1396 686 1431; x_wconf 90' lang='lat' dir='ltr'>tot</span> <span class='ocrx_word' id='word_1_137' title='bbox 717 1390 839 1431; x_wconf 89' lang='lat' dir='ltr'>terris</span> <span class='ocrx_word' id='word_1_138' title='bbox 870 1390 1042 1430; x_wconf 81' lang='lat' dir='ltr'>interim</span> <span class='ocrx_word' id='word_1_139' title='bbox 1064 1389 1275 1430; x_wconf 85' lang='lat' dir='ltr'>militibus</span> <span class='ocrx_word' id='word_1_140' title='bbox 1306 1396 1392 1430; x_wconf 86' lang='lat' dir='ltr'>tam</span> <span class='ocrx_word' id='word_1_141' title='bbox 1422 1405 1446 1429; x_wconf 91' lang='lat' dir='ltr'>a</span> <span class='ocrx_word' id='word_1_142' title='bbox 1486 1390 1607 1444; x_wconf 85' lang='lat' dir='ltr'>Rege</span> 
     </span>
     <span class='ocr_line' id='line_1_19' title="bbox 208 1456 1607 1511; baseline 0.001 -15"><span class='ocrx_word' id='word_1_143' title='bbox 208 1456 425 1511; x_wconf 87' lang='lat' dir='ltr'>Stephano</span> <span class='ocrx_word' id='word_1_144' title='bbox 457 1457 588 1511; x_wconf 88' lang='lat' dir='ltr'>prius,</span> <span class='ocrx_word' id='word_1_145' title='bbox 623 1472 752 1510; x_wconf 88' lang='lat' dir='ltr'>quam</span> <span class='ocrx_word' id='word_1_146' title='bbox 784 1457 836 1497; x_wconf 87' lang='lat' dir='ltr'>ab</span> <span class='ocrx_word' id='word_1_147' title='bbox 868 1457 961 1511; x_wconf 90' lang='lat' dir='ltr'>ipso</span> <span class='ocrx_word' id='word_1_148' title='bbox 991 1457 1277 1511; x_wconf 87' lang='lat' dir='ltr'>postmodum,</span> <span class='ocrx_word' id='word_1_149' title='bbox 1311 1464 1402 1497; x_wconf 88' lang='lat' dir='ltr'>tum</span> <span class='ocrx_word' id='word_1_150' title='bbox 1433 1465 1607 1511; x_wconf 87' lang='lat' dir='ltr'>propter</span> 
     </span>
     <span class='ocr_line' id='line_1_20' title="bbox 207 1524 1606 1578; baseline 0.001 -15"><span class='ocrx_word' id='word_1_151' title='bbox 207 1539 357 1564; x_wconf 86' lang='lat' dir='ltr'>werras</span> <span class='ocrx_word' id='word_1_152' title='bbox 398 1524 582 1578; x_wconf 89' lang='lat' dir='ltr'>primum</span> <span class='ocrx_word' id='word_1_153' title='bbox 622 1524 733 1564; x_wconf 89' lang='lat' dir='ltr'>inter</span> <span class='ocrx_word' id='word_1_154' title='bbox 773 1524 900 1578; x_wconf 78' lang='lat' dir='ltr'>iPSOS,</span> <span class='ocrx_word' id='word_1_155' title='bbox 940 1525 1212 1578; x_wconf 89' lang='lat' dir='ltr'>postmodum</span> <span class='ocrx_word' id='word_1_156' title='bbox 1249 1539 1348 1577; x_wconf 88' lang='lat' dir='ltr'>erga</span> <span class='ocrx_word' id='word_1_157' title='bbox 1387 1524 1606 1565; x_wconf 88' lang='lat' dir='ltr'>Franciam</span> 
     </span>
     <span class='ocr_line' id='line_1_21' title="bbox 206 1591 1605 1646; baseline 0.001 -15"><span class='ocrx_word' id='word_1_158' title='bbox 206 1592 294 1631; x_wconf 89' lang='lat' dir='ltr'>fere</span> <span class='ocrx_word' id='word_1_159' title='bbox 315 1592 549 1640; x_wconf 87' lang='lat' dir='ltr'>continuas,</span> <span class='ocrx_word' id='word_1_160' title='bbox 573 1592 686 1644; x_wconf 83' lang='lat' dir='ltr'>large</span> <span class='ocrx_word' id='word_1_161' title='bbox 708 1592 911 1645; x_wconf 89' lang='lat' dir='ltr'>utrinque</span> <span class='ocrx_word' id='word_1_162' title='bbox 933 1591 1056 1641; x_wconf 85' lang='lat' dir='ltr'>datis,</span> <span class='ocrx_word' id='word_1_163' title='bbox 1082 1592 1155 1632; x_wconf 83' lang='lat' dir='ltr'>vix</span> <span class='ocrx_word' id='word_1_164' title='bbox 1175 1592 1304 1632; x_wconf 87' lang='lat' dir='ltr'>annui</span> <span class='ocrx_word' id='word_1_165' title='bbox 1324 1592 1402 1646; x_wconf 82' lang='lat' dir='ltr'>xij.</span> <span class='ocrx_word' id='word_1_166' title='bbox 1423 1591 1605 1632; x_wconf 89' lang='lat' dir='ltr'>millium</span> 
     </span>
     <span class='ocr_line' id='line_1_22' title="bbox 204 1658 1604 1713; baseline 0 -14"><span class='ocrx_word' id='word_1_167' title='bbox 204 1674 439 1699; x_wconf 88' lang='lat' dir='ltr'>marcarum</span> <span class='ocrx_word' id='word_1_168' title='bbox 478 1659 670 1699; x_wconf 89' lang='lat' dir='ltr'>redditus</span> <span class='ocrx_word' id='word_1_169' title='bbox 708 1659 868 1699; x_wconf 90' lang='lat' dir='ltr'>fiscales</span> <span class='ocrx_word' id='word_1_170' title='bbox 918 1665 1018 1699; x_wconf 89' lang='lat' dir='ltr'>sunt</span> <span class='ocrx_word' id='word_1_171' title='bbox 1058 1659 1234 1700; x_wconf 89' lang='lat' dir='ltr'>inventi.</span> <span class='ocrx_word' id='word_1_172' title='bbox 1315 1658 1466 1701; x_wconf 77' lang='lat' dir='ltr'>Quaeri</span> <span class='ocrx_word' id='word_1_173' title='bbox 1507 1674 1604 1713; x_wconf 90' lang='lat' dir='ltr'>ergo</span> 
     </span>
     <span class='ocr_line' id='line_1_23' title="bbox 203 1726 1602 1780; baseline 0.001 -14"><span class='ocrx_word' id='word_1_174' title='bbox 203 1733 345 1780; x_wconf 90' lang='lat' dir='ltr'>potest</span> <span class='ocrx_word' id='word_1_175' title='bbox 385 1727 436 1766; x_wconf 87' lang='lat' dir='ltr'>ab</span> <span class='ocrx_word' id='word_1_176' title='bbox 474 1726 633 1780; x_wconf 88' lang='lat' dir='ltr'>aliquo,</span> <span class='ocrx_word' id='word_1_177' title='bbox 669 1726 735 1767; x_wconf 92' lang='lat' dir='ltr'>vel</span> <span class='ocrx_word' id='word_1_178' title='bbox 774 1727 952 1767; x_wconf 87' lang='lat' dir='ltr'>tacitum</span> <span class='ocrx_word' id='word_1_179' title='bbox 988 1727 1117 1767; x_wconf 86' lang='lat' dir='ltr'>etiam</span> <span class='ocrx_word' id='word_1_180' title='bbox 1149 1726 1391 1780; x_wconf 84' lang='lat' dir='ltr'>quempiam</span> <span class='ocrx_word' id='word_1_181' title='bbox 1421 1741 1602 1777; x_wconf 88' lang='lat' dir='ltr'>movere,</span> 
     </span>
     <span class='ocr_line' id='line_1_24' title="bbox 205 1792 1604 1847; baseline 0.001 -14"><span class='ocrx_word' id='word_1_182' title='bbox 205 1793 388 1847; x_wconf 83' lang='lat' dir='ltr'>qualiter</span> <span class='ocrx_word' id='word_1_183' title='bbox 427 1793 525 1834; x_wconf 84' lang='lat' dir='ltr'>Rex</span> <span class='ocrx_word' id='word_1_184' title='bbox 558 1793 772 1834; x_wconf 88' lang='lat' dir='ltr'>Henricus</span> <span class='ocrx_word' id='word_1_185' title='bbox 813 1793 1022 1833; x_wconf 88' lang='lat' dir='ltr'>secundus</span> <span class='ocrx_word' id='word_1_186' title='bbox 1063 1800 1106 1833; x_wconf 92' lang='lat' dir='ltr'>et</span> <span class='ocrx_word' id='word_1_187' title='bbox 1145 1795 1236 1847; x_wconf 85' lang='lat' dir='ltr'>ejus</span> <span class='ocrx_word' id='word_1_188' title='bbox 1276 1792 1353 1832; x_wconf 90' lang='lat' dir='ltr'>filii</span> <span class='ocrx_word' id='word_1_189' title='bbox 1394 1800 1459 1834; x_wconf 90' lang='lat' dir='ltr'>tot</span> <span class='ocrx_word' id='word_1_190' title='bbox 1493 1794 1604 1835; x_wconf 92' lang='lat' dir='ltr'>inter</span> 
     </span>
     <span class='ocr_line' id='line_1_25' title="bbox 203 1860 1602 1913; baseline 0.001 -13"><span class='ocrx_word' id='word_1_191' title='bbox 203 1876 354 1901; x_wconf 81' lang='lat' dir='ltr'>werras</span> <span class='ocrx_word' id='word_1_192' title='bbox 409 1860 538 1901; x_wconf 86' lang='lat' dir='ltr'>tantis</span> <span class='ocrx_word' id='word_1_193' title='bbox 594 1860 803 1900; x_wconf 84' lang='lat' dir='ltr'>thesauris</span> <span class='ocrx_word' id='word_1_194' title='bbox 865 1861 1151 1901; x_wconf 84' lang='lat' dir='ltr'>abundabant.</span> <span class='ocrx_word' id='word_1_195' title='bbox 1214 1860 1285 1900; x_wconf 90' lang='lat' dir='ltr'>Ad</span> <span class='ocrx_word' id='word_1_196' title='bbox 1342 1875 1438 1913; x_wconf 85' lang='lat' dir='ltr'>quae</span> <span class='ocrx_word' id='word_1_197' title='bbox 1494 1861 1602 1901; x_wconf 85' lang='lat' dir='ltr'>ratio</span> 
     </span>
     <span class='ocr_line' id='line_1_26' title="bbox 202 1927 1600 1982; baseline 0 -14"><span class='ocrx_word' id='word_1_198' title='bbox 202 1929 320 1968; x_wconf 90' lang='lat' dir='ltr'>reddi</span> <span class='ocrx_word' id='word_1_199' title='bbox 358 1928 529 1982; x_wconf 88' lang='lat' dir='ltr'>poterit,</span> <span class='ocrx_word' id='word_1_200' title='bbox 565 1928 680 1980; x_wconf 88' lang='lat' dir='ltr'>quod</span> <span class='ocrx_word' id='word_1_201' title='bbox 718 1927 817 1981; x_wconf 89' lang='lat' dir='ltr'>quia</span> <span class='ocrx_word' id='word_1_202' title='bbox 852 1927 992 1967; x_wconf 90' lang='lat' dir='ltr'>minus</span> <span class='ocrx_word' id='word_1_203' title='bbox 1023 1927 1237 1967; x_wconf 85' lang='lat' dir='ltr'>habebant</span> <span class='ocrx_word' id='word_1_204' title='bbox 1271 1927 1314 1967; x_wconf 92' lang='lat' dir='ltr'>in</span> <span class='ocrx_word' id='word_1_205' title='bbox 1349 1927 1600 1977; x_wconf 87' lang='lat' dir='ltr'>redditibus,</span> 
     </span>
     <span class='ocr_line' id='line_1_27' title="bbox 202 1994 1601 2049; baseline 0.001 -14"><span class='ocrx_word' id='word_1_206' title='bbox 202 2003 341 2036; x_wconf 89' lang='lat' dir='ltr'>totum</span> <span class='ocrx_word' id='word_1_207' title='bbox 353 1996 398 2035; x_wconf 92' lang='lat' dir='ltr'>in</span> <span class='ocrx_word' id='word_1_208' title='bbox 413 1995 716 2043; x_wconf 89' lang='lat' dir='ltr'>accidentibus,</span> <span class='ocrx_word' id='word_1_209' title='bbox 731 1994 826 2049; x_wconf 91' lang='lat' dir='ltr'>plus</span> <span class='ocrx_word' id='word_1_210' title='bbox 840 1995 883 2034; x_wconf 91' lang='lat' dir='ltr'>in</span> <span class='ocrx_word' id='word_1_211' title='bbox 897 1995 1136 2035; x_wconf 84' lang='lat' dir='ltr'>accessoriis</span> <span class='ocrx_word' id='word_1_212' title='bbox 1151 2010 1277 2048; x_wconf 87' lang='lat' dir='ltr'>quam</span> <span class='ocrx_word' id='word_1_213' title='bbox 1294 1994 1601 2048; x_wconf 86' lang='lat' dir='ltr'>principalibus</span> 
     </span>
     <span class='ocr_line' id='line_1_28' title="bbox 202 2061 1599 2115; baseline -0.001 -13"><span class='ocrx_word' id='word_1_214' title='bbox 202 2062 475 2111; x_wconf 86' lang='lat' dir='ltr'>confidentes,</span> <span class='ocrx_word' id='word_1_215' title='bbox 517 2061 713 2115; x_wconf 89' lang='lat' dir='ltr'>supplere</span> <span class='ocrx_word' id='word_1_216' title='bbox 753 2062 971 2101; x_wconf 85' lang='lat' dir='ltr'>curabant.</span> <span class='ocrx_word' id='word_1_217' title='bbox 1035 2061 1156 2101; x_wconf 89' lang='lat' dir='ltr'>Totis</span> <span class='ocrx_word' id='word_1_218' title='bbox 1189 2062 1301 2102; x_wconf 87' lang='lat' dir='ltr'>enim</span> <span class='ocrx_word' id='word_1_219' title='bbox 1336 2061 1499 2101; x_wconf 88' lang='lat' dir='ltr'>nisibus</span> <span class='ocrx_word' id='word_1_220' title='bbox 1540 2062 1599 2102; x_wconf 91' lang='lat' dir='ltr'>ibi</span> 
     </span>
     <span class='ocr_line' id='line_1_29' title="bbox 199 2128 1596 2184; baseline -0.001 -14"><span class='ocrx_word' id='word_1_221' title='bbox 199 2130 358 2184; x_wconf 89' lang='lat' dir='ltr'>rapinis</span> <span class='ocrx_word' id='word_1_222' title='bbox 384 2129 609 2178; x_wconf 86' lang='lat' dir='ltr'>insistitur,</span> <span class='ocrx_word' id='word_1_223' title='bbox 631 2128 707 2168; x_wconf 91' lang='lat' dir='ltr'>ubi</span> <span class='ocrx_word' id='word_1_224' title='bbox 729 2128 1057 2182; x_wconf 88' lang='lat' dir='ltr'>quibuscunque</span> <span class='ocrx_word' id='word_1_225' title='bbox 1078 2129 1214 2169; x_wconf 89' lang='lat' dir='ltr'>modis</span> <span class='ocrx_word' id='word_1_226' title='bbox 1235 2143 1301 2169; x_wconf 92' lang='lat' dir='ltr'>res</span> <span class='ocrx_word' id='word_1_227' title='bbox 1332 2128 1570 2182; x_wconf 86' lang='lat' dir='ltr'>adquiritur</span> <span class='ocrx_word' id='word_1_228' title='bbox 1588 2146 1596 2178; x_wconf 91' lang='grc'><strong>;</strong></span> 
     </span>
     <span class='ocr_line' id='line_1_30' title="bbox 200 2195 1598 2249; baseline -0.003 -11"><span class='ocrx_word' id='word_1_229' title='bbox 200 2205 244 2239; x_wconf 90' lang='lat' dir='ltr'>et</span> <span class='ocrx_word' id='word_1_230' title='bbox 274 2213 327 2237; x_wconf 92' lang='lat' dir='ltr'>ne</span> <span class='ocrx_word' id='word_1_231' title='bbox 349 2196 539 2237; x_wconf 85' lang='lat' dir='ltr'>defectus</span> <span class='ocrx_word' id='word_1_232' title='bbox 569 2196 614 2235; x_wconf 88' lang='lat' dir='ltr'>in</span> <span class='ocrx_word' id='word_1_233' title='bbox 637 2195 780 2249; x_wconf 88' lang='lat' dir='ltr'>aliquo</span> <span class='ocrx_word' id='word_1_234' title='bbox 801 2195 1040 2249; x_wconf 85' lang='lat' dir='ltr'>reperiatur</span> <span class='ocrx_word' id='word_1_235' title='bbox 1074 2195 1362 2236; x_wconf 85' lang='lat' dir='ltr'>indesinenter</span> <span class='ocrx_word' id='word_1_236' title='bbox 1383 2202 1426 2235; x_wconf 90' lang='lat' dir='ltr'>et</span> <span class='ocrx_word' id='word_1_237' title='bbox 1447 2196 1598 2248; x_wconf 81' lang='lat' dir='ltr'>exqui-</span> 
     </span>
     <span class='ocr_line' id='line_1_31' title="bbox 199 2261 1598 2318; baseline -0.003 -14"><span class='ocrx_word' id='word_1_238' title='bbox 199 2265 278 2305; x_wconf 88' lang='lat' dir='ltr'>site</span> <span class='ocrx_word' id='word_1_239' title='bbox 296 2263 442 2318; x_wconf 86' lang='lat' dir='ltr'>praedo</span> <span class='ocrx_word' id='word_1_240' title='bbox 463 2270 690 2316; x_wconf 87' lang='lat' dir='ltr'>grassatur.</span> <span class='ocrx_word' id='word_1_241' title='bbox 753 2261 849 2302; x_wconf 93' lang='lat' dir='ltr'>Hoc</span> <span class='ocrx_word' id='word_1_242' title='bbox 882 2268 1024 2301; x_wconf 89' lang='lat' dir='ltr'>autem</span> <span class='ocrx_word' id='word_1_243' title='bbox 1054 2267 1097 2301; x_wconf 89' lang='lat' dir='ltr'>et</span> <span class='ocrx_word' id='word_1_244' title='bbox 1126 2262 1194 2301; x_wconf 91' lang='lat' dir='ltr'>hic</span> <span class='ocrx_word' id='word_1_245' title='bbox 1216 2262 1450 2301; x_wconf 84' lang='lat' dir='ltr'>notandum</span> <span class='ocrx_word' id='word_1_246' title='bbox 1473 2261 1598 2300; x_wconf 78' lang='lat' dir='ltr'>duxi-</span> 
     </span>
     <span class='ocr_line' id='line_1_32' title="bbox 199 2327 1596 2384; baseline -0.003 -13"><span class='ocrx_word' id='word_1_247' title='bbox 199 2346 306 2380; x_wconf 90' lang='lat' dir='ltr'>mus,</span> <span class='ocrx_word' id='word_1_248' title='bbox 358 2330 473 2384; x_wconf 86' lang='lat' dir='ltr'>quod</span> <span class='ocrx_word' id='word_1_249' title='bbox 523 2329 760 2383; x_wconf 85' lang='lat' dir='ltr'>Imperator</span> <span class='ocrx_word' id='word_1_250' title='bbox 811 2328 1116 2368; x_wconf 86' lang='lat' dir='ltr'>Alemannicus</span> <span class='ocrx_word' id='word_1_251' title='bbox 1174 2334 1459 2368; x_wconf 87' lang='lat' dir='ltr'>trecentarum</span> <span class='ocrx_word' id='word_1_252' title='bbox 1508 2327 1596 2368; x_wconf 89' lang='lat' dir='ltr'>fere</span> 
     </span>
     <span class='ocr_line' id='line_1_33' title="bbox 197 2394 1595 2444; baseline -0.004 -5"><span class='ocrx_word' id='word_1_253' title='bbox 197 2398 380 2439; x_wconf 91' lang='lat' dir='ltr'>millium</span> <span class='ocrx_word' id='word_1_254' title='bbox 414 2411 649 2437; x_wconf 84' lang='lat' dir='ltr'>marcarum</span> <span class='ocrx_word' id='word_1_255' title='bbox 680 2396 872 2436; x_wconf 88' lang='lat' dir='ltr'>redditus</span> <span class='ocrx_word' id='word_1_256' title='bbox 899 2410 1059 2435; x_wconf 86' lang='lat' dir='ltr'>annuos</span> <span class='ocrx_word' id='word_1_257' title='bbox 1091 2394 1232 2444; x_wconf 87' lang='lat' dir='ltr'>habet,</span> <span class='ocrx_word' id='word_1_258' title='bbox 1255 2409 1351 2435; x_wconf 91' lang='lat' dir='ltr'>cum</span> <span class='ocrx_word' id='word_1_259' title='bbox 1381 2403 1520 2435; x_wconf 88' lang='lat' dir='ltr'>tamen</span> <span class='ocrx_word' id='word_1_260' title='bbox 1551 2395 1595 2434; x_wconf 89' lang='lat' dir='ltr'>in</span> 
     </span>
     <span class='ocr_line' id='line_1_34' title="bbox 198 2461 1592 2520; baseline -0.004 -13"><span class='ocrx_word' id='word_1_261' title='bbox 198 2473 381 2520; x_wconf 92' lang='lat' dir='ltr'>utroque</span> <span class='ocrx_word' id='word_1_262' title='bbox 408 2472 494 2506; x_wconf 90' lang='lat' dir='ltr'>tam</span> <span class='ocrx_word' id='word_1_263' title='bbox 517 2463 782 2504; x_wconf 89' lang='lat' dir='ltr'>Theutonico</span> <span class='ocrx_word' id='word_1_264' title='bbox 804 2478 931 2517; x_wconf 84' lang='lat' dir='ltr'>quam</span> <span class='ocrx_word' id='word_1_265' title='bbox 952 2462 1241 2516; x_wconf 85' lang='lat' dir='ltr'>Lotharingiae</span> <span class='ocrx_word' id='word_1_266' title='bbox 1265 2469 1307 2502; x_wconf 89' lang='lat' dir='ltr'>et</span> <span class='ocrx_word' id='word_1_267' title='bbox 1329 2461 1592 2515; x_wconf 87' lang='lat' dir='ltr'>Burgundiae</span> 
     </span>
    </p>
   </div>
   <div class='ocr_carea' id='block_1_3' title="bbox 197 2607 1589 2658">
    <p class='ocr_par' dir='ltr' id='par_1_3' title="bbox 197 2607 1589 2658">
     <span class='ocr_line' id='line_1_35' title="bbox 197 2607 1589 2658; baseline -0.006 -10"><span class='ocrx_word' id='word_1_268' title='bbox 197 2615 277 2648; x_wconf 88' lang='lat' dir='ltr'>dent</span> <span class='ocrx_word' id='word_1_269' title='bbox 303 2614 488 2658; x_wconf 78' lang='lat' dir='ltr'>testimony</span> <span class='ocrx_word' id='word_1_270' title='bbox 517 2612 555 2645; x_wconf 86' lang='lat' dir='ltr'>of</span> <span class='ocrx_word' id='word_1_271' title='bbox 582 2611 640 2645; x_wconf 84' lang='lat' dir='ltr'>the</span> <span class='ocrx_word' id='word_1_272' title='bbox 670 2610 862 2644; x_wconf 80' lang='lat' dir='ltr'>Chronicon</span> <span class='ocrx_word' id='word_1_273' title='bbox 929 2616 1062 2642; x_wconf 83' lang='lat' dir='ltr'>stanees</span> <span class='ocrx_word' id='word_1_274' title='bbox 1101 2608 1243 2642; x_wconf 81' lang='lat' dir='ltr'>omitted</span> <span class='ocrx_word' id='word_1_275' title='bbox 1285 2608 1331 2652; x_wconf 92' lang='lat' dir='ltr'>by</span> <span class='ocrx_word' id='word_1_276' title='bbox 1363 2607 1420 2640; x_wconf 87' lang='lat' dir='ltr'>the</span> <span class='ocrx_word' id='word_1_277' title='bbox 1457 2607 1589 2651; x_wconf 84' lang='lat' dir='ltr'>general</span> 
     </span>
    </p>
   </div>
   <div class='ocr_carea' id='block_1_4' title="bbox 197 2655 1586 2745">
    <p class='ocr_par' dir='ltr' id='par_1_4' title="bbox 197 2655 1586 2745">
     <span class='ocr_line' id='line_1_36' title="bbox 197 2655 1553 2703; baseline -0.007 -9"><span class='ocrx_word' id='word_1_278' title='bbox 197 2662 236 2694; x_wconf 89' lang='lat' dir='ltr'>of</span> <span class='ocrx_word' id='word_1_279' title='bbox 266 2660 433 2701; x_wconf 86' lang='lat' dir='ltr'>Verdun;</span> <span class='ocrx_word' id='word_1_280' title='bbox 464 2657 644 2703; x_wconf 84' lang='lat' dir='ltr'>published</span> <span class='ocrx_word' id='word_1_281' title='bbox 672 2658 707 2690; x_wconf 90' lang='lat' dir='ltr'>in</span> <span class='ocrx_word' id='word_1_282' title='bbox 734 2656 860 2699; x_wconf 82' lang='lat' dir='ltr'>Labbc,</span> <span class='ocrx_word' id='word_1_283' title='bbox 929 2655 1122 2689; x_wconf 74' lang='lat' dir='ltr'>historialis.</span> <span class='ocrx_word' id='word_1_284' title='bbox 1549 2698 1553 2703; x_wconf 19' lang='grc' dir='ltr'>ἱ</span> 
     </span>
     <span class='ocr_line' id='line_1_37' title="bbox 199 2698 1586 2745; baseline -0.006 -5"><span class='ocrx_word' id='word_1_285' title='bbox 199 2707 300 2739; x_wconf 79' lang='lat' dir='ltr'>Nova</span> <span class='ocrx_word' id='word_1_286' title='bbox 326 2706 403 2739; x_wconf 89' lang='lat' dir='ltr'>Bib.</span> <span class='ocrx_word' id='word_1_287' title='bbox 430 2706 530 2738; x_wconf 79' lang='lat' dir='ltr'>MSS.</span> <span class='ocrx_word' id='word_1_288' title='bbox 550 2705 571 2738; x_wconf 91' lang='lat' dir='ltr'>i.</span> <span class='ocrx_word' id='word_1_289' title='bbox 592 2706 669 2737; x_wconf 76' lang='lat'>262.</span> <span class='ocrx_word' id='word_1_290' title='bbox 721 2702 753 2736; x_wconf 88' lang='lat' dir='ltr'>It</span> <span class='ocrx_word' id='word_1_291' title='bbox 782 2714 860 2735; x_wconf 90' lang='lat' dir='ltr'>con—</span> <span class='ocrx_word' id='word_1_292' title='bbox 976 2702 985 2722; x_wconf 92' lang='lat'>¹</span> <span class='ocrx_word' id='word_1_293' title='bbox 1015 2701 1041 2734; x_wconf 88' lang='grc' dir='ltr'>Ι.</span> <span class='ocrx_word' id='word_1_294' title='bbox 1061 2699 1304 2745; x_wconf 79' lang='lat' dir='ltr'>e.D001nsday</span> <span class='ocrx_word' id='word_1_295' title='bbox 1331 2699 1437 2732; x_wconf 87' lang='lat' dir='ltr'>Book.</span> <span class='ocrx_word' id='word_1_296' title='bbox 1489 2698 1586 2732; x_wconf 84' lang='lat' dir='ltr'>Elhs&#39;</span> 
     </span>
    </p>
   </div>
   <div class='ocr_carea' id='block_1_5' title="bbox 196 2747 1198 2786">
    <p class='ocr_par' dir='ltr' id='par_1_5' title="bbox 196 2747 1198 2786">
     <span class='ocr_line' id='line_1_38' title="bbox 196 2747 1198 2786; baseline -0.007 0"><span class='ocrx_word' id='word_1_297' title='bbox 196 2753 285 2786; x_wconf 87' lang='lat' dir='ltr'>tains</span> <span class='ocrx_word' id='word_1_298' title='bbox 324 2764 417 2785; x_wconf 86' lang='lat' dir='ltr'>some</span> <span class='ocrx_word' id='word_1_299' title='bbox 462 2749 672 2784; x_wconf 76' lang='lat' dir='ltr'>remarkable</span> <span class='ocrx_word' id='word_1_300' title='bbox 717 2749 860 2782; x_wconf 82' lang='lat' dir='ltr'>circuni-</span> <span class='ocrx_word' id='word_1_301' title='bbox 932 2747 1059 2781; x_wconf 76' lang='lat' dir='ltr'>Introd.</span> <span class='ocrx_word' id='word_1_302' title='bbox 1079 2747 1101 2780; x_wconf 91' lang='lat' dir='ltr'>i.</span> <span class='ocrx_word' id='word_1_303' title='bbox 1120 2749 1198 2781; x_wconf 84' lang='lat'><strong>353.</strong></span> 
     </span>
    </p>
   </div>
  </div>
 </body>
</html>
