1908 3135
383 276 402 313 1
412 276 465 313 58
794 282 1032 314 GIRALDUS
1066 281 1364 315 CAMBRENSIS

440 381 492 422 In
532 381 711 422 crastino
749 396 862 432 vero,
896 396 992 421 cum
1042 388 1138 421 ante
1188 381 1318 421 altare
1356 380 1588 436 principale
1627 395 1780 435 corpus

383 450 616 504 sepulturae
658 449 853 498 traditur,
893 448 968 489 vix
1020 447 1200 488 annulus
1251 448 1396 502 digito,
1436 448 1511 488 vix
1566 458 1779 502 sceptrum

383 531 524 565 manu,
546 516 619 557 vix
650 515 777 570 capiti
809 530 961 555 corona
992 514 1102 554 sicut
1136 514 1292 564 decuit,
1317 516 1417 569 quia
1447 516 1497 555 de
1529 515 1778 569 aurifrigio¹

385 584 567 637 quodam
606 583 738 623 veteri
788 583 959 623 inventa
996 582 1095 631 fuit,
1136 582 1211 623 vix
1259 582 1347 622 ulla
1389 597 1559 637 prorsus
1598 582 1780 636 insignia

383 650 540 703 regalia
565 650 645 690 nisi
665 665 740 704 per
761 649 1022 689 emendicata
1042 650 1213 690 demum
1243 650 1452 703 suffragia,
1475 665 1609 703 eaque
1638 650 1779 691 minus

384 717 671 772 congruentia,
701 716 958 771 suppetiere.
1019 717 1079 756 Et
1111 717 1310 770 quoniam
1343 717 1679 757 infelicissimum
1716 718 1779 757 in-

384 785 561 825 fortunii
591 799 725 838 genus
755 791 819 824 est
844 783 974 823 fuisse
1005 783 1184 832 felicem,
1213 783 1291 823 hoc
1323 784 1449 824 etiam
1479 784 1531 824 ad
1561 785 1778 825 cumulum

384 851 646 892 adversitatis
682 851 868 900 accessit,
911 850 1027 903 quod
1067 851 1177 890 inter
1216 851 1433 891 thesauros
1481 851 1651 901 multos,
1693 858 1778 892 tam

386 918 643 971 Anglicanos
685 932 812 970 quam
851 916 1163 965 transmarinos,
1203 916 1327 970 longe
1367 924 1468 958 tunc
1506 919 1603 972 plus
1654 919 1777 959 solito

383 986 543 1040 plenos,
587 999 743 1038 egenus
783 983 996 1032 occubuit,
1040 983 1114 1037 qui
1155 990 1198 1024 et
1237 984 1420 1025 turrium
1473 985 1557 1025 alta
1595 991 1638 1025 et
1680 987 1779 1026 sub-

384 1060 672 1092 terraneorum
695 1051 779 1091 ima
809 1066 905 1091 cum
938 1051 1078 1105 regnis
1109 1051 1376 1105 amplissimis
1403 1052 1706 1103 thesaurizans,
1735 1061 1779 1094 et

385 1119 579 1173 ignorans
610 1118 679 1158 cui
709 1118 979 1172 congregavit
1001 1133 1061 1167 ea,
1079 1117 1240 1158 homini
1261 1133 1388 1172 quem
1418 1119 1550 1173 magis
1582 1120 1624 1160 in
1656 1121 1778 1161 terris

383 1201 560 1227 exosum
599 1185 796 1234 habebat,
834 1200 937 1225 auro
976 1192 1020 1225 et
1059 1193 1232 1238 argento
1271 1187 1440 1236 referta,
1468 1187 1657 1241 reliquit.
1718 1187 1779 1228 Et

383 1254 441 1294 sic
463 1253 582 1307 quasi
603 1252 787 1293 vindicta
809 1252 1010 1293 divinitus
1032 1252 1258 1305 exquisita,
1281 1254 1432 1293 malleo
1463 1269 1539 1294 suo
1560 1262 1603 1295 et
1632 1255 1778 1295 mortis

382 1327 554 1360 auctore
595 1319 673 1360 sibi
713 1320 756 1359 in
795 1320 990 1360 universa
1029 1320 1294 1369 succedente,
1325 1320 1437 1360 inter
1476 1321 1585 1375 ipsas
1621 1322 1775 1375 copiaS,

382 1394 584 1440 tanquam
616 1386 820 1427 Tantalus
851 1386 970 1435 alter,
992 1387 1189 1440 egestatis
1222 1387 1487 1428 incommoda
1517 1403 1601 1428 non
1632 1389 1776 1430 evasit.

384 1454 503 1494 Inter
538 1468 680 1494 omnes
718 1454 876 1508 quippe
912 1453 1097 1494 miserias
1136 1454 1244 1494 nihil
1282 1454 1475 1495 miserius
1510 1470 1597 1496 esse
1637 1462 1778 1510 potest

383 1536 510 1575 quam
542 1521 586 1560 in
619 1520 835 1560 affluentia
864 1520 1034 1575 inopem
1056 1535 1159 1570 esse,
1181 1528 1224 1561 et
1253 1521 1344 1575 ipsa
1375 1522 1547 1576 quidem
1578 1523 1777 1577 egestatis

382 1587 489 1628 mala
507 1587 551 1627 in
572 1588 766 1628 ubertate
788 1586 944 1627 sentire
962 1603 970 1628 ι
1005 1587 1116 1627 unde
1136 1594 1263 1641 poeta
1281 1605 1351 1638 3—

1042 1688 1061 1705 “
1078 1686 1208 1719 Ultima
1225 1698 1357 1731 semper

648 1741 871 1787 Expectanda
889 1741 960 1775 dies
977 1742 1136 1785 hominis,
1156 1742 1289 1787 dicique
1309 1743 1425 1777 beatus

649 1799 740 1832 Ante
758 1799 888 1832 obitum
907 1810 1006 1832 nemo
1024 1811 1247 1844 supremaque
1265 1800 1382 1834 funera
1400 1800 1537 1845 debet,”
1555 1802 1618 1837 διο.

442 1911 537 1952 Hoc
557 1917 600 1952 et
619 1911 731 1952 inter
746 1918 883 1951 cetera
904 1911 1136 1950 notandum
1152 1911 1318 1951 videtur
1339 1913 1454 1966 quod
1471 1913 1547 1954 ubi
1566 1914 1775 1969 Reginam

386 1979 628 2019 Alienoram
661 1979 740 2018 sub
776 1977 926 2017 habitu
960 1978 1131 2018 moniali
1170 1978 1384 2020 includere
1422 1988 1539 2021 tanto
1572 1982 1776 2024 desiderio

385 2047 597 2100 tantisque
647 2046 809 2086 nisibus
849 2045 1131 2094 affectaverat,
1181 2046 1240 2085 ibi
1280 2047 1367 2087 vice
1406 2063 1523 2088 versa
1573 2056 1616 2089 et
1656 2051 1775 2104 quasi

384 2113 547 2153 ultione
583 2113 784 2153 divinitus
815 2112 924 2160 data,
958 2112 1001 2151 in
1041 2112 1132 2152 loco
1164 2112 1341 2153 obscuro
1373 2120 1590 2168 tantaeque
1627 2118 1777 2171 majes-

384 2179 461 2219 tati
482 2179 605 2232 longe
626 2179 831 2228 indebito,
852 2193 899 2218 ea
919 2179 992 2218 diu
1014 2185 1160 2232 postea
1181 2180 1406 2233 superstite
1433 2189 1642 2231 manente,
1666 2189 1777 2224 terra

384 2246 640 2286 claudendus
672 2252 863 2286 extrema
894 2245 1087 2285 concludi
1118 2246 1274 2286 meruit
1309 2254 1352 2287 et
1390 2249 1592 2289 consumi.
1655 2250 1776 2292 Sicut

383 2320 528 2366 aperte
548 2313 651 2353 visio
671 2313 874 2367 praedicta
890 2313 1137 2353 declaravit:
1188 2313 1299 2352 Unus
1316 2314 1508 2367 liicfim'S.
1568 2316 1629 2357 Et
1647 2319 1775 2372 paulo

383 2387 509 2433 post:
569 2379 782 2420 Velabz'tur
827 2394 916 2419 cum
966 2379 1126 2419 velatis.
1207 2379 1328 2420 Circa
1368 2381 1582 2424 dimidiam
1631 2392 1774 2426 autem

433 2488 439 2505 ¹
468 2488 627 2532 Properly
653 2487 869 2532 auriphrygio
887 2499 895 2528 ;
932 2499 952 2520 a
976 2494 1045 2520 tur·
1114 2500 1157 2521 on
1181 2488 1248 2521 this
1265 2490 1420 2523 occasion
1438 2491 1519 2536 they
1536 2493 1634 2526 made
1660 2505 1719 2527 use
1742 2494 1780 2527 of

384 2533 449 2565 ban
476 2545 511 2566 or
547 2534 658 2574 mitre,
686 2533 857 2577 generally
882 2533 920 2565 of
944 2533 1046 2566 white
1114 2545 1134 2566 a
1158 2535 1319 2568 woman's
1344 2536 1552 2572 head-dress.
1611 2539 1673 2572 “F
1678 2551 1773 2582 unus,

384 2579 461 2621 silk,
479 2579 722 2612 embroidcred.
772 2580 802 2612 A
820 2579 954 2612 learned
970 2586 1047 2612 note
1114 2580 1201 2613 sicut
1221 2581 1334 2614 vivens
1357 2582 1577 2627 ordinaverat,
1595 2584 1637 2617 ad
1662 2597 1774 2619 coeno-

385 2636 427 2656 on
446 2624 512 2656 this
537 2624 679 2667 subject,
698 2624 779 2656 with
804 2636 823 2657 a
849 2624 996 2668 drawing
1014 2626 1052 2657 of
1114 2625 1207 2658 bium
1228 2627 1513 2662 Fontis-Evraudi
1538 2629 1687 2663 delatum
1710 2638 1772 2672 est,

384 2670 440 2702 the
459 2670 593 2703 ancient
607 2670 690 2702 form
706 2670 744 2702 of
757 2670 823 2702 this
836 2670 1044 2712 head-dress,
1114 2671 1171 2704 ubi
1186 2673 1258 2705 sine
1276 2674 1367 2717 regio
1380 2674 1506 2708 honore
1517 2682 1567 2709 est
1584 2676 1773 2721 humatum,

384 2716 450 2748 will
481 2716 522 2748 bc
551 2715 655 2748 found
688 2716 721 2747 in
755 2715 893 2748 Macri's
924 2715 1044 2748 Hiero-
1112 2717 1201 2750 facto
1229 2718 1292 2751 sibi
1322 2719 1511 2754 diademate
1544 2721 1585 2754 de
1612 2722 1774 2756 aurifrixo

381 2761 527 2804 lexicon,
546 2761 651 2793 under
669 2761 725 2793 the
739 2761 829 2794 word
847 2761 962 2794 Mitra.
1014 2761 1044 2794 It
1112 2763 1331 2798 mulierum.”
1381 2766 1537 2802 Chronie.
1558 2767 1771 2803 Laudunens.

381 2819 520 2851 appears
537 2807 582 2851 by
593 2806 732 2840 another
747 2807 955 2851 Chronicher,
972 2807 1042 2841 that
1112 2808 1174 2842 sub
1193 2820 1245 2843 an.
1268 2811 1367 2845 1187.
