1908 3135
229 213 376 272 APP¹.]
538 228 600 259 DE
635 228 984 261 INSTRUCTIONE
1015 228 1298 260 PRINCIPUM.
1539 223 1617 262 199

229 327 431 378 visitaret,
462 328 514 368 ad
551 342 685 368 casam
722 329 813 382 ejus
841 328 1042 377 accessit3
1066 327 1133 368 cui
1164 327 1350 381 pulsanti
1382 328 1434 367 ad
1465 329 1619 369 ostium

230 408 391 449 pauper
425 395 605 450 aperuit,
629 395 782 435 multas
817 395 928 436 inter
961 402 1114 435 caetera
1145 395 1300 449 gratias
1322 395 1360 435 ei
1397 410 1522 449 super
1543 397 1620 436 im-

229 476 358 515 pensa
378 462 458 502 sibi
480 462 652 503 caritate
673 462 873 512 referens,
897 462 1218 516 Dominumque
1243 462 1438 516 precibus
1460 463 1620 504 devotis

229 528 282 568 ad
316 529 641 570 retributionem
676 529 882 578 invitans3
926 528 1136 569 Comitem
1168 529 1295 570 etiam
1327 544 1476 583 rogans
1517 546 1620 584 qua-

229 595 343 636 tinus
377 596 608 650 praeposito
644 595 772 644 villae,
809 596 930 650 cujus
964 610 1062 636 eum
1102 611 1213 636 curae
1244 597 1617 647 commendaverat,

229 663 328 716 quia
346 663 556 716 benignus
577 663 616 703 ei
637 663 789 712 fuerat,
812 670 956 716 gratus
988 663 1205 703 existeret.
1268 663 1454 704 Demum
1475 673 1616 705 antem

229 736 324 783 post
359 745 570 770 sermones
605 730 809 784 plurimos
850 731 1012 784 rogavit
1050 730 1259 771 Comitem
1291 739 1333 770 et
1363 731 1617 785 impetravit,

228 797 430 851 quatinus
459 798 599 852 ipsum
630 798 674 837 in
707 812 819 851 equo
850 813 926 838 suo
957 813 1099 838 secum
1130 798 1184 838 ad
1204 798 1345 838 villam
1377 806 1425 838 ut
1457 799 1618 839 diutius

227 865 397 905 interim
418 865 457 905 ei
477 864 595 919 loqui
613 871 766 919 posset,
789 879 912 905 causa
940 865 1025 904 Dei
1046 865 1300 918 deportaret.
1363 866 1492 907 Quod
1524 881 1619 906 cum

227 931 387 972 factum
407 932 571 980 fuisset,
592 931 812 984 multaque
841 931 977 971 obiter
999 932 1050 971 ab
1080 932 1171 985 ipso
1191 933 1318 972 verba
1348 933 1457 972 bona
1487 933 1622 972 moni-

229 1005 357 1053 taque
380 998 527 1039 salutis
545 998 760 1047 audiisset,
793 999 1072 1038 descendente
1094 1014 1230 1039 coram
1252 1000 1409 1053 palatio
1439 999 1619 1048 Comite,

227 1067 418 1121 leprosus
456 1067 535 1107 iste
574 1065 798 1122 diligenter
845 1066 1076 1120 requisitus
1115 1081 1325 1120 nusquam
1369 1068 1618 1121 comparuit.

231 1134 382 1175 Comes
402 1141 544 1174 autem
565 1149 661 1174 cum
679 1133 878 1174 accersito
899 1134 1071 1188 majore,
1091 1133 1248 1174 scilieet
1278 1134 1507 1188 praeposito
1529 1150 1620 1183 suo,

227 1217 317 1242 rem
338 1202 376 1242 ei
397 1208 559 1256 gestam
578 1201 797 1250 indicaret,
821 1209 864 1241 et
885 1201 1067 1255 qualiter
1088 1201 1216 1241 etiam
1237 1216 1379 1241 curam
1401 1203 1492 1255 ejus
1523 1216 1621 1255 erga

228 1269 368 1323 ipsum
404 1268 726 1318 collaudaverat,
763 1269 971 1309 admirans
1002 1268 1074 1308 ille
1104 1268 1375 1308 vehementer
1402 1276 1446 1309 et
1477 1269 1622 1309 obstu-

229 1351 416 1391 pescens,
434 1335 555 1376 illum
572 1335 622 1375 de
641 1350 725 1388 quo
746 1335 1015 1389 loquebatur,
1028 1336 1116 1389 jam
1131 1350 1271 1374 mense
1289 1335 1376 1375 fere
1399 1342 1620 1384 transacto,

229 1418 306 1457 pro
327 1411 442 1443 certo
471 1408 687 1442 mortuum
708 1402 837 1442 fuisse
859 1409 901 1442 et
928 1401 1144 1456 sepultum
1168 1402 1404 1451 asserebat3
1438 1402 1549 1442 unde
1579 1410 1622 1442 et

232 1471 439 1511 Comitem
474 1469 741 1509 haesitantem
773 1483 899 1522 super
925 1469 990 1508 his
1023 1475 1065 1508 et
1087 1468 1254 1508 credere
1285 1483 1369 1508 non
1396 1468 1619 1517 valentem,

229 1538 409 1578 testibus
430 1535 630 1576 adhibitis
659 1535 733 1589 qui
768 1535 964 1589 exequiis
987 1541 1029 1575 et
1057 1535 1289 1589 sepulturae
1321 1549 1459 1574 secum
1492 1535 1622 1574 inter-

229 1612 361 1654 erant,
394 1605 443 1644 ad
477 1603 748 1658 sepulchrum
785 1602 910 1642 etiam
956 1617 1053 1642 eum
1092 1602 1137 1642 in
1173 1602 1354 1642 crastino
1392 1617 1512 1641 mane
1549 1603 1620 1642 de-

231 1673 372 1712 duxit.
434 1671 560 1712 Unde
613 1677 656 1710 et
702 1670 913 1710 Comitem
953 1669 1066 1709 hunc
1120 1669 1370 1708 defunctum
1423 1668 1619 1708 laudibus

228 1739 453 1793 plusquam
502 1737 705 1786 humanis,
753 1736 952 1790 quoniam
1002 1735 1298 1789 hyperbolicis,
1341 1735 1512 1789 quidam
1561 1736 1619 1775 sic

232 1806 445 1847 efferendo
465 1804 690 1845 versiculos
712 1804 786 1843 hos
809 1803 970 1843 emisit:

384 1919 482 1952 “Ille
499 1918 574 1963 pius
594 1917 809 1951 Theobaldus
828 1923 908 1959 erat,
926 1927 1024 1961 quem
1042 1916 1165 1959 gaudet
1184 1916 1328 1949 habere¹

464 1964 503 1997 In
521 1963 613 1997 caelis
630 1963 741 2008 polus,
759 1970 846 1996 terra
864 1974 976 1996 carcre
995 1962 1095 1995 dolet.

415 2010 499 2044 Non
518 2010 690 2043 hominem
708 2021 856 2054 possum,
876 2020 941 2041 non
958 2008 1065 2041 audeo
1084 2008 1194 2041 dicere
1211 2019 1335 2041 numen
1352 2021 1359 2049 ;

462 2057 556 2089 Mors
569 2056 685 2100 probat
703 2055 793 2087 hunc
807 2055 990 2096 hominem,
1012 2054 1078 2086 vita
1095 2054 1198 2086 fnisse
1216 2053 1328 2087 deum.

419 2103 525 2136 Trans
542 2101 727 2144 hominem,
745 2101 894 2144 citraque
912 2099 1026 2140 deum,
1044 2111 1120 2132 nam
1140 2099 1215 2144 plus
1233 2100 1295 2132 fuit
1316 2099 1407 2141 i110‚2

465 2147 594 2181 Nescio
613 2147 687 2192 quis
704 2159 712 2188 3
738 2153 868 2188 neuter,
887 2147 973 2179 inter
991 2151 1170 2190 utrumqne
1188 2145 1285 2178 fuit.''

289 2259 419 2302 Quod
440 2266 582 2298 autem
603 2265 760 2311 praeter
780 2266 952 2298 caeteras
985 2259 1075 2312 ejus
1096 2257 1275 2297 virtutes
1306 2257 1348 2296 in
1380 2271 1616 2310 pauperum

229 2325 609 2368 sustentationibus
643 2332 727 2364 tam
759 2324 970 2377 benignus
1006 2324 1145 2364 suerat
1178 2331 1221 2363 et
1260 2332 1343 2363 tznn
1380 2323 1618 2371 munificus,

229 2395 342 2434 visus
364 2401 426 2433 est
447 2392 572 2432 etiam
594 2391 636 2431 in
659 2391 779 2431 terris
800 2406 823 2430 a
845 2390 1030 2430 Domino
1052 2405 1106 2429 ex
1138 2397 1256 2443 parte
1278 2389 1406 2429 fuisse
1428 2404 1622 2428 remune-

229 2471 360 2503 ratus.
422 2460 586 2500 Praeter
606 2459 684 2498 hoc
707 2457 817 2498 enim
841 2458 955 2511 quod
976 2457 1156 2497 feliciter
1179 2464 1221 2497 et
1249 2456 1474 2509 tranquille
1497 2457 1618 2505 vixit,

231 2537 445 2581 terrasque
468 2541 563 2566 suas
591 2532 728 2565 tantas
765 2532 848 2564 tam
874 2523 1045 2578 pacifice
1081 2523 1209 2572 rexit,
1233 2523 1414 2562 filiorum
1449 2538 1619 2577 qnoque

1006 2638 1018 2658 2

279 2642 377 2675 ¹Ille
411 2652 536 2682 conoeS,
569 2651 682 2672 comes
720 2639 775 2671 ille
816 2639 891 2683 pins
1147 2637 1245 2670 (lenm
1287 2637 1362 2681 plns
1404 2637 1466 2669 hoc
1509 2637 1618 2668 minus

232 2687 448 2721 Theobalslns
467 2693 535 2719 crat
555 2697 654 2730 quem
681 2684 813 2718 Gaudet
834 2685 891 2717 lia·
962 2683 1044 2716 illud
1062 2683 1314 2717 :—Variati‹›ns
1356 2683 1388 2715 in
1426 2682 1618 2726 Knyglnon,

231 2735 309 2768 bere
327 2733 434 2778 polus,
963 2732 1064 2771 2385,
1083 2729 1148 2762 and
1168 2729 1241 2762 Lib.
1261 2729 1302 2762 iv.
1327 2731 1377 2761 13.
