1908 3135
530 230 593 260 DE
629 227 981 260 INSTRUCTIONE
1017 226 1298 259 PRINCIPUM.
1524 219 1603 258 165

207 327 328 380 cujus
369 327 454 367 vita
494 335 538 368 et
577 327 836 368 conversatio
875 324 1056 365 borealis
1097 323 1267 377 Angliae
1309 324 1412 363 fines
1453 326 1605 365 nostris

208 393 356 434 diebus
374 394 615 444 illustravit,
639 395 838 449 quoniam
859 393 958 433 huic
974 393 1061 447 jam
1089 391 1213 431 dictae
1236 390 1383 430 visioni
1410 405 1465 430 ex
1487 400 1604 445 parte

206 475 290 500 non
332 461 545 502 dissimilis
587 470 688 511 erat,
726 470 769 502 et
807 461 875 501 hic
924 473 1135 514 apponere
1173 457 1349 510 dignum
1390 457 1604 498 duximus.

210 527 449 569 Videbatur
463 530 576 569 enim
595 530 635 569 ei
657 530 786 583 quod,
805 543 900 568 cum
923 526 1141 567 ecelesiam
1164 524 1374 578 quandam
1396 524 1604 572 intrasset,

214 594 322 635 vidit
353 595 517 650 Regem
549 595 787 636 Henricum
819 602 863 635 et
892 594 970 648 iiij.
1002 593 1112 632 filios
1143 606 1241 632 suos
1268 591 1435 631 adultos
1468 607 1605 632 coram

204 662 324 701 altari
364 669 566 716 tanquam
596 669 843 717 prostratos,
884 661 959 715 qui
999 667 1042 700 et
1079 666 1225 714 postea
1257 666 1490 712 surgentes,
1520 659 1605 713 pal-

206 729 289 769 lam
323 730 465 770 altaris
496 738 539 771 et
567 731 844 771 lintheamina
872 731 1112 782 abstergere
1146 734 1383 782 coeperunt,
1412 734 1455 767 et
1488 728 1606 781 quasi

206 796 424 850 pulverem
466 805 682 839 excutere.
756 798 924 838 Deinde
965 811 1090 850 super
1130 795 1257 835 altare
1299 795 1545 835 scandentes
1584 810 1607 835 a

207 863 402 904 crucifixi
454 866 637 920 pedibus
694 873 737 906 et
787 865 904 905 tibiis
961 862 1261 918 pulverulenta
1314 862 1603 915 detergebant.

208 931 394 972 Demum
430 947 529 973 vero
576 948 702 988 super
746 933 998 973 crucifixum
1038 929 1307 970 ascendentes
1347 929 1493 982 ibique
1532 929 1607 968 ali-

208 998 398 1051 quandiu
438 1000 646 1049 sedentes,
688 1000 859 1040 demum
898 999 1031 1040 urinis
1071 1004 1114 1037 et
1150 995 1438 1050 egestionibus
1477 996 1605 1036 altare

208 1066 414 1120 undique,
457 1068 573 1120 quod
609 1067 812 1108 horribile
852 1067 1012 1107 dictum
1054 1072 1130 1113 est,
1167 1063 1451 1103 sordidabant.
1514 1063 1605 1103 Nec

207 1147 337 1182 mora,
359 1134 467 1174 vidit
488 1134 654 1187 Regem
686 1150 782 1174 cum
808 1135 976 1175 duobus
1005 1132 1103 1173 filiis
1130 1131 1230 1179 suis,
1261 1130 1444 1170 Ricardo
1477 1145 1531 1171 sc.
1565 1138 1607 1171 et

206 1198 233 1239 J
237 1199 416 1249 ohanne,
450 1201 647 1241 deorsum
678 1216 817 1242 coram
849 1201 971 1241 altari
1002 1214 1098 1239 cum
1130 1197 1313 1251 strepitu
1339 1197 1486 1250 grandi
1518 1212 1608 1237 cor-

207 1274 392 1317 ruentes,
419 1268 524 1308 adeo
556 1275 607 1308 ut
636 1269 881 1309 minutatim
903 1268 1138 1308 confractos
1174 1264 1333 1304 ibidem
1363 1271 1405 1304 et
1439 1264 1609 1304 misera-

205 1334 349 1374 biliter
370 1335 457 1375 vita
476 1335 676 1389 privatos,
711 1351 806 1376 cum
837 1336 1007 1375 horrore
1029 1332 1303 1386 conspiceret,
1326 1330 1419 1370 aliis
1441 1331 1607 1371 duobus

206 1400 251 1441 in
272 1409 502 1455 conspectu
524 1416 599 1442 suo
620 1417 831 1456 nusquam
853 1400 1208 1455 comparentibus.

266 1468 391 1509 Hanc
413 1469 542 1509 etiam
562 1469 766 1510 visionem
798 1485 915 1510 suam
946 1470 1084 1509 bonus
1104 1467 1167 1508 vir
1198 1466 1288 1519 ipse
1310 1465 1367 1505 sic
1389 1465 1604 1519 exposuit,

207 1536 323 1589 quod
354 1551 470 1576 orare
502 1544 545 1577 et
575 1537 705 1577 altare
737 1544 780 1577 et
814 1535 1009 1577 crucifixi
1040 1534 1265 1587 imaginem
1297 1540 1460 1585 tergere
1492 1532 1606 1572 vide-

205 1603 376 1652 bantur,
399 1604 478 1644 hoe
500 1605 615 1657 quod
646 1620 792 1658 pacem
822 1604 866 1644 in
898 1603 1020 1644 terris
1051 1602 1135 1642 suis
1163 1599 1422 1655 pauperibus
1443 1614 1605 1639 servare

205 1671 424 1711 curabant.
488 1671 618 1713 Quod
649 1679 791 1712 autem
822 1686 948 1725 super
969 1671 1098 1710 altare
1120 1667 1376 1709 scandebant
1398 1674 1440 1706 ct
1472 1666 1606 1706 cruci-

204 1738 356 1786 fixum,
391 1738 706 1791 oppressionem
754 1737 1075 1778 ecclesiasticam
1111 1750 1187 1790 per
1222 1735 1334 1788 ipsos
1371 1733 1523 1774 factam
1563 1741 1607 1773 et

205 1804 456 1853 faciendam,
499 1805 758 1858 designabat.
840 1805 984 1845 Ruina
1022 1819 1120 1844 vero
1160 1801 1293 1855 Regis
1333 1806 1374 1840 et
1425 1801 1605 1840 duorum

206 1871 390 1912 filiorum
422 1878 518 1925 post
553 1872 693 1926 ipsum
713 1871 998 1926 regnantium,
1020 1871 1249 1912 vindictam
1281 1868 1332 1907 ab
1365 1867 1466 1920 ipsis
1502 1867 1606 1906 divi-

206 1939 322 1978 nitus
357 1939 603 1978 sumendam
638 1939 876 1979 declaravit.
936 1938 1067 1979 Vixit
1097 1945 1240 1977 autem
1275 1935 1411 1974 bonus
1440 1933 1502 1973 vir
1534 1933 1604 1972 ille

206 2020 343 2059 usque
375 2005 429 2045 ad
462 2005 712 2059 martyrium
742 2006 856 2046 beati
879 2005 1056 2046 Thomae
1090 2012 1132 2044 et
1162 2003 1298 2043 ultra:
1333 2000 1421 2054 qui,
1454 2009 1496 2040 et
1526 1999 1604 2039 hoc

206 2072 367 2121 audito,
406 2072 544 2121 dixit3
591 2072 737 2113 “Rex
772 2073 864 2122 iste,
898 2073 971 2127 qui
1006 2071 1274 2125 tyrannidem
1307 2068 1352 2107 111
1388 2066 1605 2106 ecclesiam

206 2139 289 2180 Dei
326 2146 487 2179 tantam
519 2146 703 2189 exercet,
732 2140 861 2193 juxta
892 2139 1096 2179 visionem
1129 2151 1255 2190 quam
1291 2134 1389 2183 vidi,
1424 2133 1606 2187 graviter

205 2213 388 2247 corruet.
449 2206 509 2245 Et
543 2206 621 2245 filii
650 2206 798 2260 ipsius,
835 2206 1018 2246 maxime
1061 2205 1143 2244 duo
1183 2203 1245 2242 illi
1280 2209 1426 2255 postea
1458 2214 1603 2252 regna-

206 2274 306 2321 turi,
329 2279 493 2326 patrem
515 2280 600 2312 tam
621 2271 664 2312 in
686 2273 810 2327 culpa
826 2280 1059 2326 sequentur
1082 2285 1206 2323 quam
1229 2269 1272 2308 in
1295 2266 1461 2321 poe11a.'’

263 2339 343 2380 Vir
363 2339 536 2392 quidam
555 2339 600 2378 in
620 2354 766 2380 somno
780 2339 899 2387 vidjt,
918 2338 1037 2392 quasi
1058 2337 1224 2377 duobus
1242 2334 1434 2387 Regibus
1453 2333 1496 2372 in
1519 2348 1603 2373 uno

206 2407 300 2446 loco
347 2406 604 2455 constitutis,
637 2405 801 2460 Regem
835 2405 1071 2446 Hem-icum
1114 2403 1256 2444 subito
1288 2414 1508 2455 personam
1539 2399 1604 2438 in-

207 2475 337 2514 duere
360 2481 445 2513 tam
477 2474 717 2528 despectam
738 2481 781 2514 et
801 2471 1177 2526 contemptibilem,
1201 2476 1249 2509 ut
1280 2467 1399 2521 quasi
1430 2467 1473 2505 in
1504 2467 1603 2506 nani

208 2548 413 2582 staturam
459 2540 744 2594 exiguamque
775 2539 1021 2580 homunculi
1053 2537 1228 2577 formam
1272 2534 1432 2575 cunctis
1473 2532 1604 2572 admi-

206 2608 399 2649 rantibus
432 2609 521 2662 jam
561 2608 830 2647 decresceret.
912 2606 1160 2659 Philippum
1200 2617 1296 2644 vero
1346 2601 1602 2641 Francorum

209 2675 387 2728 Regem,
409 2683 609 2728 tanquam
631 2675 683 2713 ab
708 2674 895 2714 Henrico
918 2673 1036 2726 Rege
1076 2672 1119 2711 in
1155 2669 1363 2724 quoddam
1387 2665 1603 2707 castellum

209 2757 334 2782 suum
356 2742 597 2796 hospitandi
611 2741 745 2795 gratia
767 2742 1011 2789 deductum,
1033 2740 1076 2780 in
1098 2746 1257 2779 tantam
1280 2737 1540 2788 majestatem
1563 2739 1605 2771 et
