1908 3135
474 215 536 246 DE
571 214 920 247 INSTRUCTIONE
956 215 1237 247 PRINCIPUM.
1474 207 1555 245 123

158 313 318 353 dustria
345 328 429 354 non
457 313 625 368 reliqui,
651 329 777 369 porro
810 330 865 355 ex
897 322 993 369 post
1023 315 1135 355 facto
1168 314 1333 362 claruit,
1356 321 1399 354 et
1428 314 1558 354 nimia

159 380 370 421 evidentia
402 381 541 435 palam
570 381 669 431 fuit,
702 382 927 435 lugubrem
958 382 1074 422 illam
1105 382 1284 422 duarum
1317 380 1557 434 linguarum

157 447 517 498 lamentationem,
567 463 653 489 non
706 449 967 502 praeteritam
1022 457 1072 489 ut
1121 449 1307 503 primum
1363 448 1557 501 exposui,

160 515 232 555 sed
264 515 454 555 futuram
481 516 625 570 potius
658 517 888 556 eorundem
925 531 1021 556 eum
1054 531 1129 556 suo
1162 517 1268 556 duce
1302 515 1560 569 populorum

159 588 341 636 stragem
400 582 715 623 lamentabilem
769 582 1021 636 designasse.
1103 582 1341 637 Imperator
1400 582 1559 636 quippe

158 648 441 698 Frethericus,
478 649 750 703 Ungarorum
792 664 924 703 regno
963 650 1137 704 pacifice
1192 656 1444 698 transcurso,
1485 664 1562 703 per

160 715 411 756 Graecorum
430 716 534 756 fines
556 717 651 766 sibi,
669 732 725 757 ex
746 717 922 771 antiqua
943 717 1186 758 dominandi
1208 716 1378 766 invidia,
1399 716 1560 770 ubique

159 783 402 832 contrarios,
434 790 483 823 ut
514 790 604 823 erat
635 791 834 824 strenuus
865 784 909 823 in
941 784 1066 824 armis
1097 792 1140 824 et
1168 784 1396 833 animosus,
1425 784 1561 823 nullas

156 849 237 889 nisi
269 850 473 904 sanguine
504 851 600 891 fuso
631 851 819 904 gaudens
860 851 1053 891 incedere
1079 851 1180 901 vias,
1214 851 1416 904 quoniam
1447 865 1561 890 arma

157 918 321 958 tenenti
361 918 501 958 omnia
538 919 610 958 dat
642 918 717 971 qui
758 918 893 958 multa
932 925 1074 972 negat,
1116 918 1341 958 destruetis
1382 918 1560 958 urbibus

159 991 202 1024 et
222 985 367 1025 eastris
388 985 565 1034 obrutis,
584 985 712 1026 fortia
734 1000 906 1039 quoque
924 985 1118 1025 confudit
1139 992 1183 1025 et
1200 999 1346 1038 aspera
1366 991 1561 1039 potenter

158 1051 451 1105 complanavit.
515 1051 599 1092 Sed
631 1052 832 1105 quoniam
863 1051 1092 1105 imperialis
1124 1051 1318 1105 majestas
1348 1051 1560 1091 neminem

119 1129 124 1132 ”
157 1118 262 1158 citra
292 1119 572 1159 defectionem
607 1119 790 1172 impetit,
814 1119 887 1158 sed
920 1118 1115 1158 hostibus
1148 1118 1233 1157 suis
1255 1118 1366 1158 bella
1397 1133 1561 1172 semper

158 1186 321 1235 indicit,
357 1186 620 1240 praemiserat
658 1186 896 1240 Imperator
931 1184 983 1225 ad
1025 1185 1271 1225 Saladinum
1311 1185 1559 1239 priusquam

158 1252 240 1292 iter
274 1253 492 1306 arriperet,
529 1253 705 1293 nuncios
748 1258 792 1292 et
825 1252 988 1292 litteras
1017 1251 1297 1291 diffiduciatas
1333 1252 1371 1291 ei
1413 1258 1456 1290 et
1491 1251 1561 1290 de-

158 1319 336 1373 spicatas
365 1320 621 1369 inimicitias,
643 1319 724 1359 nisi
752 1319 1065 1359 Christianitati
1098 1333 1225 1371 quam
1249 1318 1418 1358 laeserat
1444 1317 1562 1358 satis-

157 1386 329 1435 faceret,
352 1387 404 1427 ad
427 1387 603 1441 plenum
622 1386 935 1427 denuntiantes.
999 1384 1118 1427 Quas
1148 1385 1327 1433 litteras,
1353 1400 1437 1425 una
1466 1400 1561 1425 cum

157 1454 335 1507 epistola
367 1454 539 1494 Soldani
568 1453 846 1508 responsoria,
878 1453 957 1493 sub
989 1453 1146 1493 eisdem
1168 1453 1304 1492 verbis
1336 1452 1492 1505 quibus
1519 1460 1562 1492 et

158 1522 326 1575 scriptae
381 1528 493 1571 sunt,
531 1521 600 1561 hie
654 1521 839 1561 inserere
878 1519 1033 1560 curavi.
1117 1520 1334 1561 Quatinus
1376 1534 1431 1559 ex
1472 1519 1564 1559 istis

158 1589 345 1628 animosa
378 1588 555 1629 Caesaris
582 1588 770 1638 audacia,
803 1602 859 1627 ex
893 1587 977 1627 illis
1005 1601 1104 1627 vero
1145 1587 1345 1641 superbia
1379 1587 1562 1640 tyranni,

160 1663 203 1696 et
223 1655 445 1696 resistendi
466 1655 634 1704 fiducia,
658 1655 908 1696 declaretur,

714 1797 820 1839 CAP.
845 1797 1004 1839 XVII.

159 1877 228 1915 De
245 1876 518 1930 Imperatoris
535 1876 808 1925 animositate,
828 1881 865 1915 et
885 1876 1035 1915 litteris
1051 1875 1344 1929 despicationis
1361 1874 1561 1914 Salacllno

724 1943 1005 1982 transsnzsississt

217 2035 243 2053 “
261 2033 297 2073 F
300 2045 601 2081 RETHERICUS,
622 2031 705 2071 Dei
723 2031 859 2084 gratia
877 2030 1169 2070 Romanorum
1188 2029 1437 2083 Imperator,
1456 2044 1562 2069 sem-
1577 2049 1636 2073 The
1651 2049 1751 2080 Empe-

1578 2083 1642 2105 ror's
1660 2082 1739 2105 letter
1751 2084 1779 2105 to

158 2114 234 2153 per
248 2099 487 2153 AugustUS,
511 2106 555 2139 et
574 2098 761 2139 hostium
793 2097 962 2152 imperii
993 2097 1242 2150 magnificus
1264 2096 1560 2150 triumphator,
1578 2114 1696 2139 samam,

159 2174 203 2206 et
253 2167 384 2207 totius
436 2165 692 2206 monarchiae
742 2166 986 2211 fortunatus
1041 2164 1312 2212 moderator,C
1364 2163 1561 2203 Saladino

210 2287 217 2305 ¹
247 2287 330 2319 This
347 2286 444 2318 letter
463 2286 491 2318 is
508 2284 612 2318 found
631 2284 701 2317 also
720 2284 752 2317 in
773 2284 825 2317 De
897 2290 1092 2328 agreement
1115 2284 1268 2317 between
1298 2283 1460 2316 Hoveden
1496 2283 1561 2316 and

162 2332 339 2375 Vinesauf,
365 2334 431 2365 258
448 2343 456 2371 ;
476 2330 621 2375 Radulp.
637 2331 677 2363 de
692 2330 824 2372 Diceto,
898 2330 1084 2370 Baronins3
1109 2330 1256 2362 whereas
1276 2329 1462 2362 Mal-tene's
1476 2341 1563 2374 copy

163 2378 251 2423 apud
271 2378 317 2411 X.
336 2378 457 2422 Script.
475 2389 508 2420 p.
528 2379 619 2416 64s›;
649 2376 824 2417 Hovcden,
897 2375 1102 2420 approaehes
1147 2387 1239 2408 more
1280 2374 1394 2419 nearly
1433 2381 1466 2407 to
1506 2376 1563 2408 the

162 2423 368 2466 f01.37o‚b;
387 2421 825 2465 andRad.deCoggeshale‚
897 2427 970 2454 text
997 2421 1032 2454 of
1058 2421 1180 2454 Diceto
1207 2421 1272 2453 and
1299 2420 1470 2453 Girnldns.
1522 2421 1561 2453 In

164 2471 197 2503 in
226 2469 411 2503 Martene's
435 2468 580 2513 Amplis.
600 2467 775 2500 collectio.
796 2479 825 2500 v.
897 2467 992 2500 itself
1005 2467 1072 2500 this
1090 2467 1222 2500 remark
1240 2478 1318 2511 may
1337 2478 1428 2499 seem
1451 2467 1562 2499 unim-

164 2528 196 2561 p.
223 2517 304 2558 577,
334 2515 409 2548 who
435 2514 496 2547 has
522 2513 665 2547 eollated
696 2513 721 2545 it
746 2513 826 2546 with
896 2520 1054 2558 portant3
1081 2513 1107 2546 it
1124 2513 1185 2546 has
1210 2514 1253 2546 its
1271 2513 1378 2553 value,
1397 2512 1563 2554 however,

164 2562 221 2595 the
246 2573 333 2606 copy
350 2562 385 2594 in
409 2560 588 2594 Baronius.
640 2559 713 2591 The
739 2566 827 2592 most
896 2571 932 2591 as
950 2559 1151 2603 confirming
1169 2559 1225 2592 the
1241 2558 1375 2602 general
1399 2569 1562 2603 accur-aoy

164 2608 345 2652 important
364 2607 544 2640 variations
560 2617 616 2638 are
633 2605 730 2649 given
749 2605 828 2638 here
897 2606 934 2637 of
949 2605 1006 2638 the
1022 2612 1114 2649 great
1133 2605 1290 2638 annalist.

165 2654 198 2686 in
233 2654 290 2686 the
323 2658 431 2686 notes.
493 2652 575 2690 But,
598 2658 632 2684 to
660 2663 738 2683 save
771 2651 827 2683 the
945 2652 957 2669 ²
983 2652 1024 2684 Et
1047 2651 1402 2692 totius—moderator,
1421 2651 1561 2683 omitted

163 2699 279 2732 reader
304 2698 445 2741 trouble,
472 2698 496 2730 it
527 2709 605 2741 may
623 2697 663 2730 be
693 2709 728 2729 as
755 2697 827 2729 well
898 2698 930 2729 in
950 2709 1042 2730 some
1060 2698 1184 2741 copies.

163 2751 196 2777 to
231 2745 369 2778 observe
399 2744 470 2777 that
502 2744 594 2776 there
629 2744 656 2776 is
689 2755 708 2775 a
738 2742 827 2775 close
