1908 3135
527 231 590 261 DE
621 229 972 261 INSTRUCTIONE
1007 229 1286 262 PRINCIPUM.
1546 219 1598 263 67

197 344 388 381 onerans,
411 331 677 384 animamque
699 344 818 370 suam
838 329 1035 379 liberam,
1059 344 1199 370 eoram
1229 329 1374 384 paucis
1395 335 1535 369 tamen
1558 337 1600 369 et

196 397 241 437 in
274 399 452 453 privato,
477 398 719 438 memoriter
755 397 1072 452 recapitulando
1108 397 1356 452 proposuit:
1403 396 1601 438 Qualiter

198 465 237 505 ei
270 466 390 506 Deus
419 472 564 506 contra
595 473 660 506 tot
681 472 724 506 et
745 471 885 506 tantos
917 465 1159 505 detentores
1191 465 1236 505 in
1271 464 1387 505 brevi
1422 478 1600 516 regnum

198 534 390 574 restituit
423 541 466 575 et
495 533 744 588 pacificavit,
771 547 818 573 ac
848 539 1104 586 potestatem
1138 532 1230 586 ejus
1269 531 1394 585 longe
1429 530 1599 583 lateque

199 600 401 642 dilatavit.
463 601 660 644 Qualiter
697 600 823 640 etiam
852 599 1056 639 honorem
1095 599 1186 653 ejus
1218 605 1262 638 et
1292 598 1482 651 gloriam,
1509 612 1601 637 suc-

198 683 338 708 cessus
372 683 508 722 usque
541 668 775 716 conferens,
812 673 856 707 et
884 667 1081 707 victorias
1112 665 1343 720 ampliavit.
1405 665 1466 706 Et
1497 679 1601 718 qua-

197 735 296 775 liter
326 751 348 776 e
379 742 524 776 contra
555 735 644 790 ipse
676 735 847 775 domino
879 749 956 774 suo
978 733 1091 787 Regi
1120 733 1349 774 Lodowico
1380 746 1600 785 nunquam

197 802 324 843 fidem
360 802 565 852 servavit3
614 802 726 843 unde
760 817 847 842 non
887 801 1024 841 solum
1059 801 1216 841 totiens
1258 801 1399 855 ipsum
1438 799 1600 853 guerris

197 869 354 923 injuste
393 870 601 920 vexando,
649 885 725 924 per
765 884 869 923 quas
910 876 976 909 tot
1013 869 1150 909 caedes
1189 874 1232 908 et
1270 867 1465 908 incendia
1504 882 1601 920 pro-

198 944 419 984 venerunt,
439 944 569 978 terras
591 936 630 977 ei
651 936 853 991 plurimas
880 934 1082 984 abstulit3
1115 934 1190 974 sed
1210 933 1339 973 etiam
1371 934 1423 973 ad
1452 932 1601 987 injuri-

198 1019 317 1045 arum
356 1005 589 1054 cumulum,
631 1018 825 1058 sponsam
871 1017 989 1042 suam
1033 1001 1212 1041 Alienor
1260 1001 1449 1041 indebite
1501 1000 1602 1039 sub-

199 1073 346 1122 traxit,
369 1079 412 1113 et
433 1087 489 1112 ex
519 1072 593 1112 tali
625 1070 777 1125 copula
811 1069 998 1123 suscepit
1031 1068 1249 1117 haeredes3
1283 1083 1328 1108 ac
1361 1068 1396 1107 si
1428 1068 1600 1115 diceret,

200 1140 339 1179 “Non
369 1140 489 1180 habet
519 1145 682 1179 eventus
711 1137 879 1177 sordida
902 1136 1049 1190 praeda
1081 1135 1237 1176 bonos?
1299 1135 1367 1175 De
1393 1134 1600 1174 occisione

200 1222 371 1261 quoque
386 1198 543 1247 'Sancti
565 1206 757 1254 Thomae,
779 1219 906 1258 quam
928 1203 1048 1257 quasi
1076 1217 1205 1242 manu
1227 1202 1412 1256 propria,
1434 1201 1603 1241 lictores

201 1275 252 1315 ad
283 1274 362 1314 hoc
394 1273 618 1322 mittendo,
650 1271 934 1326 perpetravit3
968 1278 1012 1311 et
1043 1270 1094 1310 de
1129 1270 1208 1310 hoc
1240 1270 1411 1309 demum
1442 1268 1601 1307 honore

200 1348 320 1383 tanto
341 1344 352 1366 1
404 1348 501 1396 post
538 1348 605 1381 tot
649 1339 870 1388 beneficia,
920 1338 1182 1392 Dominique
1238 1336 1436 1377 mandato
1488 1334 1604 1389 quod

199 1410 419 1451 recusavit.
483 1408 593 1449 Cum
614 1414 758 1448 autem
778 1406 908 1447 torvis
929 1406 982 1446 ad
1000 1405 1081 1445 hoc
1101 1405 1244 1459 ipsum
1265 1403 1412 1452 oculis,
1435 1409 1484 1442 ut
1505 1417 1604 1442 eon-

201 1484 407 1527 sueverat,
430 1477 474 1517 in
504 1477 566 1516 ira
595 1475 694 1516 Rex
726 1474 969 1529 respiceret,
993 1472 1151 1513 obtulit
1185 1472 1224 1512 ei
1256 1477 1398 1525 eaput,
1429 1469 1603 1510 collum-

201 1560 283 1600 que
319 1544 503 1586 tetendit
539 1543 705 1583 dicens:
754 1540 924 1590 “Fac,”
957 1540 1114 1593 inquit,
1153 1539 1246 1580 “de
1287 1553 1368 1587 me,
1403 1536 1518 1591 quod
1551 1536 1602 1576 de

198 1613 324 1653 beato
365 1612 530 1652 Thema
568 1609 722 1651 fecisti.
804 1608 928 1649 Adeo
967 1621 1152 1660 namque
1191 1605 1317 1660 cupio
1359 1604 1474 1658 quod
1507 1619 1530 1643 a
1561 1610 1603 1643 te

199 1681 304 1721 mihi
340 1685 468 1734 caput
508 1684 754 1733 amputetur
790 1676 835 1716 in
870 1674 1041 1728 Anglia,
1086 1674 1196 1714 sicut
1236 1689 1260 1713 a
1307 1671 1523 1712 Saracenis
1559 1670 1605 1710 in

202 1747 444 1796 Palaestina,
468 1746 570 1800 quia
590 1753 639 1785 tu
660 1744 773 1785 omni
800 1743 1028 1783 Sarraceno
1056 1740 1338 1796 proculdubio
1370 1739 1489 1793 pejor
1520 1737 1604 1778 eS.''

202 1814 442 1869 Respondit
464 1813 564 1854 Rex
585 1827 681 1853 cum
706 1812 950 1865 juramento
968 1824 977 1849 z
1012 1811 1038 1829 “
1056 1808 1172 1850 Quia
1193 1807 1228 1847 si
1249 1821 1392 1847 omnes
1413 1805 1604 1846 homines

200 1891 325 1924 terrae
351 1896 459 1922 meae
494 1880 540 1920 in
570 1894 705 1920 unum
736 1892 889 1931 corpus
911 1875 1076 1916 collecti
1108 1881 1261 1924 essent,
1285 1881 1329 1914 et
1350 1888 1434 1913 uno
1456 1872 1605 1925 loque-

200 1958 347 1991 rentur
387 1964 472 1999 ore,
512 1962 596 1988 non
639 1946 846 1986 auderent
888 1943 993 1984 mihi
1042 1943 1122 1982 ista
1162 1939 1439 1996 proponere.”
1520 1938 1603 1978 Cui

203 2017 472 2059 Patriarcha:
513 2015 689 2055 “Putas
732 2012 866 2066 igitur
906 2010 1021 2065 quod
1062 2017 1105 2050 te
1146 2009 1337 2062 diligant,
1379 2006 1455 2060 qui
1502 2021 1603 2060 opes

199 2094 307 2136 tuas,
347 2092 391 2125 et
428 2098 513 2124 non
549 2096 690 2137 opera,
725 2079 905 2121 curant?
983 2077 1193 2126 Praedam,
1236 2090 1323 2116 non
1370 2073 1600 2122 hominem,

200 2153 393 2208 sequitur
432 2151 514 2191 ista
553 2150 703 2199 turba3
744 2152 1001 2202 potestatem
1032 2144 1185 2199 utique
1218 2148 1483 2190 venerantur,
1517 2155 1603 2181 non

200 2218 459 2277 personam.”
539 2217 661 2258 Tunc
717 2222 860 2255 autem
900 2212 1012 2253 dixit
1051 2212 1091 2252 ei
1131 2211 1246 2260 Rex,
1288 2210 1390 2264 quia
1427 2215 1602 2263 propter

198 2289 308 2329 filios
344 2301 455 2335 suos,
492 2284 567 2338 qui
606 2282 749 2323 statim
788 2296 838 2321 eo
873 2281 1047 2320 absente
1087 2279 1356 2331 insurgerent
1387 2284 1431 2317 et
1470 2284 1601 2317 terras

201 2359 467 2409 occuparent,
509 2350 721 2391 discedere
762 2355 864 2388 tunc
909 2353 953 2387 et
1006 2345 1088 2386 iter
1136 2345 1244 2385 illud
1292 2344 1475 2398 arripere
1514 2357 1601 2383 non

198 2422 398 2479 poterat.²
470 2417 713 2472 Respondit
753 2413 1024 2463 Patriarcha;
1077 2416 1103 2435 ‘⁶
1126 2412 1219 2453 Nec
1259 2411 1447 2452 mirum!
1500 2410 1603 2464 quia

201 2492 251 2532 de
289 2487 457 2530 diabolo
487 2491 708 2533 venerunt,
745 2489 788 2524 et
819 2482 871 2522 ad
910 2480 1127 2521 diabolum
1166 2479 1332 2519 ibunt.”
1406 2477 1468 2518 Et
1499 2484 1601 2517 tunc

200 2560 357 2599 iterum
393 2570 442 2595 ea
473 2555 523 2594 de
554 2552 712 2592 honore
749 2564 825 2591 suo
854 2549 900 2589 in
939 2562 1150 2588 summum
1191 2547 1395 2587 hactenus
1434 2545 1602 2586 culmen

250 2673 260 2694 ¹
293 2673 356 2706 Tot
373 2676 475 2712 tanto,
494 2667 571 2701 MS.
935 2662 985 2695 for
1019 2662 1168 2706 refusing
1201 2667 1235 2694 to
1269 2660 1404 2705 eomply
1434 2659 1515 2692 with
1546 2658 1602 2691 the

249 2719 261 2738 ²
288 2718 361 2752 The
395 2717 489 2760 King
522 2712 652 2757 alleged
685 2711 743 2744 the
778 2722 870 2743 same
936 2709 1020 2741 wish
1038 2708 1142 2741 ofthe
1155 2707 1340 2740 Patriareh.
1376 2705 1500 2738 Chron.
1519 2705 1603 2737 Ger-

204 2776 334 2809 reason,
360 2764 395 2797 in
421 2762 479 2796 the
503 2759 637 2794 council
660 2764 693 2791 at
720 2757 870 2798 Lomlon,
940 2755 1034 2797 vasii,
1053 2766 1087 2799 p.
1107 2755 1210 2788 1474.
1443 2799 1464 2830 2

1401 2808 1418 2830 r
