1908 3135
158 1116 215 1140 The
230 1116 299 1139 Nor-

158 1156 244 1177 mans,
253 1148 357 1180 though

156 1181 270 1206 assisted
283 1181 318 1213 by

158 1214 296 1246 England,

155 1247 210 1271 less
223 1247 282 1271 able
296 1250 324 1271 to

155 1280 233 1304 resist
247 1281 291 1304 the

157 1313 260 1338 French
273 1313 339 1338 than

154 1346 216 1376 they
226 1354 292 1371 once

155 1386 223 1402 were
235 1379 312 1404 when

157 1411 255 1443 single-

156 1444 274 1470 handed.

383 257 466 296 114
796 272 1034 304 GIRALDUS
1069 274 1368 306 CAMBRENSIS

383 379 550 419 cunque
602 368 727 408 modo
766 384 809 410 se
858 371 1043 412 habeant
1080 372 1320 426 praesentia,
1367 372 1476 426 grati
1515 371 1669 421 simus3
1709 372 1775 412 vel

383 432 679 474 consolationis
710 435 795 476 Dei
821 444 995 492 propter
1021 439 1188 488 blanda,
1216 439 1281 479 vel
1303 439 1485 494 justitiae
1516 446 1689 493 propter
1712 453 1775 478 as-

379 513 494 552 pera.
556 500 676 541 Bona
689 502 801 543 enim
821 505 1048 558 praesentia
1067 520 1091 545 a
1112 505 1206 545 Deo
1219 506 1340 545 nobis
1361 507 1525 555 donata,
1544 505 1773 545 consolatio

380 573 479 606 sunt
497 584 505 614 ;
529 582 624 607 cum
646 569 812 619 desunt,
826 572 995 625 justitia
1016 579 1091 613 est.
1136 572 1388 613 Consolatur
1409 573 1518 613 enim
1541 588 1616 613 nos
1638 572 1770 621 Deus,

380 639 423 672 et
444 634 652 675 emendat.
715 636 765 676 In
788 644 971 691 utroque
993 638 1125 692 igitur
1147 639 1202 679 Ei
1222 639 1330 693 grati
1352 639 1522 680 simus”

955 825 1060 865 CAP.
1085 825 1197 866 XII.

380 924 522 968 Quare
559 939 601 965 se
646 940 750 966 nunc
786 929 947 981 sequius
988 944 1109 983 quam
1154 931 1249 970 olim
1286 931 1544 972 Normanm'a
1589 931 1771 984 defendit

706 995 875 1047 qaeestio
885 996 1024 1047 sacta,
1048 1001 1087 1035 et
1107 998 1309 1050 responsio
1330 998 1444 1039 data.

435 1106 577 1148 CIRCA
617 1108 710 1149 haec
751 1109 895 1150 eadem
930 1110 1018 1150 fere
1050 1118 1254 1165 tempora,
1288 1126 1383 1152 cum
1417 1112 1467 1152 de
1499 1112 1620 1152 variis
1659 1113 1771 1153 inter

377 1174 518 1228 Reges
539 1175 806 1216 conflictibus
828 1183 870 1216 et
900 1177 1243 1218 infestationibus
1270 1179 1441 1228 crebris,
1462 1194 1651 1220 sermone
1673 1195 1770 1220 con-

377 1248 502 1291 serto,
544 1242 703 1282 mentio
743 1242 853 1283 forte
892 1243 1003 1283 facta
1041 1244 1206 1293 fuisset,
1240 1245 1312 1285 ille
1352 1246 1426 1299 qui
1476 1246 1642 1300 scripsit
1677 1246 1769 1287 haec

377 1308 575 1361 quaesivit
614 1324 638 1348 a
675 1309 894 1349 Rannulfo
931 1311 981 1350 de
1016 1311 1252 1361 Glanvillis,
1283 1313 1358 1366 qui
1399 1312 1692 1354 Seneschallus
1727 1321 1771 1354 et

375 1375 401 1414 J
405 1375 643 1415 usticiarius
665 1375 835 1429 Angliae
858 1384 958 1417 tunc
980 1377 1132 1426 fuerat,
1153 1393 1238 1432 quo
1259 1394 1356 1419 casu
1379 1394 1513 1433 quove
1534 1379 1769 1420 infortunio

373 1441 417 1481 id
437 1442 648 1490 acciderit,
673 1443 787 1496 quod
808 1458 903 1483 cum
925 1444 1068 1484 Duces
1088 1445 1380 1495 Normanniae,
1406 1447 1563 1486 ducatu
1583 1446 1767 1500 primum

374 1514 517 1548 contra
557 1508 815 1550 Francorum
858 1509 995 1564 Reges
1034 1511 1193 1551 viribus
1243 1519 1287 1552 et
1337 1513 1461 1552 armis
1515 1514 1766 1567 conquisito,

369 1582 522 1616 terram
569 1577 744 1616 eandem
795 1584 938 1617 contra
992 1578 1182 1631 singulos
1222 1580 1378 1634 Reges,
1419 1580 1529 1621 sicut
1578 1581 1766 1622 historiae

369 1642 595 1691 declarant,
618 1650 704 1683 tam
725 1644 889 1697 egregie
913 1645 1209 1695 defenderunt,
1233 1648 1349 1700 quod
1369 1648 1596 1688 nonnullos
1617 1663 1764 1689 eorum

369 1710 494 1750 etiam
517 1710 697 1764 turpiter
722 1710 934 1751 confectos
966 1718 1082 1765 terga
1114 1713 1225 1763 dare,
1258 1714 1474 1768 solamque
1511 1715 1626 1769 fugae
1657 1730 1766 1769 pree-

368 1776 473 1816 sidio
495 1777 674 1817 salutem
697 1792 888 1831 quaerere
911 1780 1220 1833 compulerint3
1253 1796 1364 1822 nunc
1384 1797 1467 1822 una
1487 1797 1583 1823 cum
1605 1781 1767 1837 Anglo-

367 1858 460 1883 rum
490 1858 633 1897 regno,
657 1844 864 1898 terrisque
886 1847 1173 1887 transmarinis
1199 1855 1263 1888 tot
1284 1856 1327 1889 et
1348 1850 1476 1889 tantis
1504 1865 1593 1890 suae
1615 1850 1765 1890 ditioni

367 1910 554 1963 adjectis,
578 1911 717 1951 minus
739 1919 936 1965 potenter
958 1920 1001 1952 et
1024 1913 1331 1956 insufficienter
1362 1931 1405 1956 se
1427 1917 1652 1957 defendere
1677 1918 1764 1971 jam

367 1978 604 2018 videantur.
666 1978 728 2018 At
768 1978 855 2028 ille,
889 1980 1052 2033 sapiens
1092 1988 1142 2021 ut
1179 1990 1267 2023 erat
1307 1983 1433 2023 simul
1469 1991 1511 2024 et
1548 1984 1764 2038 eloquenS,

368 2044 491 2084 solita
525 2044 729 2097 gravitate
760 2045 1047 2099 eloquentiam
1079 2056 1269 2098 ornante,
1301 2051 1379 2089 sub
1412 2051 1593 2104 quadam
1627 2067 1765 2091 moro-

368 2110 491 2150 sitate
548 2111 827 2152 attentionem
883 2122 1166 2167 comparante,
1222 2117 1469 2170 respondit:
1533 2121 1559 2139 “
1581 2118 1764 2158 Duobus

368 2192 517 2231 parum
552 2184 649 2217 ante
682 2178 908 2219 adventum
941 2180 1284 2222 Normannorum
1314 2182 1451 2232 bellis,
1483 2183 1618 2237 primo
1651 2184 1764 2224 Pon-

369 2243 542 2283 tiacensi
579 2243 689 2284 inter
730 2244 995 2286 Lodovicum
1031 2247 1210 2301 Regem,
1244 2248 1393 2289 Karoli
1433 2250 1582 2304 Magni
1614 2251 1764 2299 filium,

367 2318 410 2350 et
443 2310 760 2362 Gurmundum,
794 2314 977 2353 secundo
1015 2330 1112 2355 vero
1155 2316 1278 2370 longe
1318 2325 1413 2371 post
1452 2317 1763 2367 Kameracensi,

369 2378 589 2432 Radulphi
630 2394 684 2419 sc.
722 2379 1043 2422 Kameracensis
1082 2383 1254 2424 levitate
1294 2385 1451 2438 pariter
1487 2392 1530 2425 et
1568 2385 1764 2425 animosi-

368 2451 469 2494 tate,
510 2446 614 2485 adeo
663 2452 795 2487 totam
834 2448 923 2488 fere
972 2449 1163 2490 Franciae
1209 2452 1481 2505 juventutem
1532 2452 1763 2493 extinctam

368 2512 496 2552 fuisse
529 2512 723 2554 funditus
754 2522 797 2554 et
822 2515 1096 2566 exinanitam,
1119 2525 1168 2557 ut
1204 2526 1301 2559 ante
1336 2518 1427 2559 haec
1449 2526 1637 2573 tempora
1668 2534 1763 2559 nos-

369 2585 433 2618 tra
480 2580 782 2620 numerositate
835 2581 1007 2622 minime
1048 2583 1199 2624 fuisset
1238 2587 1511 2626 restaurata.”
1590 2586 1763 2640 Adjecit

366 2645 416 2684 iis
447 2645 572 2685 etiam
610 2647 683 2698 qui
723 2648 889 2701 scripsit
928 2649 1031 2697 haec,
1067 2650 1159 2704 ipso
1192 2653 1363 2705 quidem
1403 2668 1615 2693 assensum
1654 2669 1763 2707 prae-

365 2712 506 2761 bente,
545 2713 659 2765 quod
700 2720 888 2768 tempore
928 2715 1113 2765 Ducum,
1148 2719 1395 2773 priusquam
1428 2719 1569 2773 Reges
1609 2721 1760 2769 effecti,

364 2779 548 2818 violento
607 2780 825 2820 dominatu
877 2789 919 2821 et
978 2783 1150 2823 insulari
1211 2786 1428 2838 tyrannide
1490 2786 1756 2826 Normannos
