1908 3135
497 229 561 260 DE
595 228 944 261 INSTRUCTIONE
978 227 1258 261 PRINCIPUM.
1498 220 1573 259 159

183 328 350 369 ruinam
381 329 473 383 ejus
509 329 637 369 animi
673 329 743 370 via.
777 329 882 370 feria
912 335 1009 369 ante
1042 328 1240 370 Natalem
1271 334 1409 377 nocte,
1442 329 1578 369 noctis

184 395 286 436 hora
315 403 412 451 post
432 397 720 447 conticinium,
742 404 785 438 et
810 397 929 451 quasi
960 397 1124 438 circiter
1156 397 1340 451 primum
1372 411 1579 446 somnum,

184 464 380 517 apparuit
413 464 455 504 in
489 464 646 519 Anglia
677 471 852 515 cometa,
886 479 984 518 quae
1025 464 1132 505 solet
1164 472 1250 504 tam
1286 464 1426 504 obitus
1466 465 1581 517 prin-

186 530 328 585 cipum
366 547 492 585 quam
531 540 648 573 ortus
695 548 783 573 esse
822 532 1079 587 praenuntia,
1121 532 1243 586 longe
1282 531 1459 571 inferior
1496 546 1580 571 non

185 598 322 639 solum
351 600 646 640 communibus
673 600 818 649 stellis,
841 600 914 639 sed
936 600 1063 640 etiam
1092 599 1288 654 planetis,
1310 599 1355 638 in
1384 599 1463 639 hoc
1485 613 1579 639 aere

184 666 402 715 nebuloso,
420 667 541 720 quasi
557 667 635 707 sub
649 667 762 721 ignei
783 667 900 721 globi
917 667 1054 721 specie
1070 666 1420 721 praetervolando,
1441 673 1580 706 tamen

185 732 327 773 sonitu
348 735 529 787 quodam
552 735 671 788 quasi
693 735 884 785 tonitrui,
906 735 1095 789 longiore
1118 742 1258 775 tamen
1281 742 1323 775 et
1343 734 1580 788 aequaliori,

183 799 450 854 splendorem
505 802 625 855 quasi
675 802 854 855 fulgoris
905 803 1116 852 emittens,
1157 803 1230 843 sed
1283 803 1485 856 majorem
1538 808 1582 842 et

184 868 432 909 continuato
449 869 601 923 jubare
622 869 718 924 plus
740 870 977 911 durantem.

244 934 424 976 Circiter
441 944 536 977 octo
558 937 646 977 dies
667 944 763 978 ante
785 938 950 979 obitum
971 940 1062 993 ejus
1091 937 1270 992 contigit
1299 938 1344 978 in
1369 937 1578 978 Norman-

184 1001 268 1042 niae
285 1003 478 1056 partibus
494 1019 577 1045 non
596 1005 778 1059 procula
793 1005 920 1059 Sagio
940 1006 1012 1046 sed
1029 1006 1148 1059 quasi
1164 1021 1240 1060 per
1256 1005 1433 1046 miliaria
1454 1006 1579 1060 quin·

185 1083 284 1122 que,
321 1078 456 1111 castro
487 1071 683 1113 videlicet
718 1072 957 1122 Oximensi‚
991 1073 1105 1127 quod
1137 1073 1180 1113 in
1212 1088 1365 1114 scanno
1394 1074 1577 1128 quodam

123 1133 127 1136 ⁴
183 1137 318 1190 pisces
340 1153 484 1178 omnes
505 1138 661 1193 quibus
674 1140 917 1180 abundabat
937 1147 1056 1181 tanto
1077 1141 1278 1181 conflictu
1296 1148 1382 1181 tam
1404 1141 1448 1181 in
1468 1155 1579 1195 aqua

183 1204 274 1258 ipsa
290 1220 418 1259 quam
438 1212 559 1246 extra
579 1207 845 1261 prosilientes
866 1215 989 1249 nocte
1011 1209 1192 1262 quadam
1206 1209 1575 1262 congrederentur,

182 1279 232 1311 ut
268 1272 502 1312 vicinorum
541 1273 762 1314 hominum
800 1274 1119 1315 multitudinem
1167 1276 1259 1330 ipso
1297 1277 1479 1330 strepitu
1527 1277 1581 1316 ad

182 1340 470 1393 spectaculum
510 1349 744 1382 evocarent.
823 1341 961 1383 Tanto
993 1349 1181 1397 tempore
1221 1350 1394 1397 tamque
1433 1343 1579 1385 lethali

183 1407 411 1448 certamine
450 1409 661 1463 congressi
700 1416 814 1459 sunt,
855 1415 904 1450 ut
947 1409 992 1450 in
1031 1416 1123 1451 toto
1159 1411 1316 1451 vivario
1354 1411 1428 1452 vix
1468 1427 1578 1452 unus

182 1489 304 1515 mane
339 1475 426 1516 vita
459 1483 672 1530 superstes
719 1476 994 1526 inveniretur,
1029 1477 1137 1517 miro
1174 1485 1218 1518 et
1251 1478 1443 1519 inaudito
1481 1494 1578 1534 pro-

181 1542 372 1595 gnostico
407 1543 639 1584 multorum
684 1552 818 1586 morte
859 1551 1038 1585 mortem
1084 1546 1212 1586 unius
1264 1547 1578 1600 praesagientes.

184 1609 378 1664 Contigit
410 1612 537 1651 etiam
567 1612 611 1651 in
633 1612 792 1653 Wallia
811 1613 1039 1667 provincia,
1061 1613 1260 1654 videlicet
1290 1614 1340 1654 de
1367 1614 1578 1664 Eleuam,¹

185 1691 312 1730 quam
351 1678 487 1719 solum
517 1679 569 1719 ab
608 1678 721 1719 Haia
756 1680 916 1720 flumen
955 1679 1151 1733 Vagense
1183 1681 1459 1730 disterminat,
1494 1682 1578 1721 duo

182 1752 330 1798 stagna
364 1760 448 1786 non
483 1746 660 1796 modica,
683 1754 806 1787 nocte
842 1762 927 1801 qua
959 1747 1199 1800 Anglorum
1232 1747 1333 1788 Rex
1365 1748 1580 1789 Henricus

181 1813 342 1866 primus
393 1813 520 1854 duxit
560 1820 764 1863 extrema,
806 1829 829 1854 a
866 1814 1057 1855 claustris
1106 1815 1228 1856 alteri
1277 1831 1301 1856 a
1348 1823 1499 1856 natura
1536 1825 1579 1856 et

181 1880 303 1920 alteri
337 1880 522 1921 humano
555 1881 697 1922 labore
737 1881 900 1922 collatis
933 1882 1076 1923 subito
1116 1883 1330 1937 erupisse3
1371 1884 1580 1924 artificiali

182 1947 351 2001 longius
385 1963 461 2002 per
497 1949 658 1989 devexa
688 1948 863 2003 dilapso,
887 1964 1070 2003 casuque
1094 1950 1292 2005 precipiti
1323 1951 1506 2001 demum,
1528 1958 1578 1992 ut

183 2029 273 2055 mos
313 2023 390 2065 est,
441 2022 665 2066 evacuato3
714 2016 897 2056 naturali
935 2031 1033 2057 vero
1082 2017 1195 2057 ultra
1244 2017 1328 2057 duo
1378 2033 1578 2072 passuum

183 2082 316 2122 millia
335 2083 379 2123 in
399 2082 505 2124 valle
528 2083 711 2137 quodam
733 2098 828 2123 cum
848 2083 1040 2137 passibus
1061 2084 1272 2138 prioribus
1291 2091 1334 2124 et
1354 2085 1580 2126 accidenti-

181 2149 275 2199 bus,
290 2165 376 2190 non
393 2150 552 2204 absque
567 2150 800 2192 multorum
821 2151 1111 2201 admiratione,
1130 2159 1338 2206 perpetua
1349 2153 1580 2193 stabilitate

182 2217 325 2257 statim
359 2217 508 2258 sortito
539 2224 583 2258 et
616 2218 771 2258 iterum
808 2218 852 2258 in
884 2225 1079 2272 stagnum
1114 2234 1326 2259 converso.
1388 2220 1440 2260 In
1475 2220 1579 2260 urbe

185 2283 420 2324 Senonensi
471 2299 520 2324 ea
569 2291 821 2338 tempestate
875 2300 959 2339 qua
1015 2285 1198 2326 Thomas
1253 2286 1579 2327 Cantuariorum

182 2351 357 2391 antistes
386 2351 429 2391 in
456 2351 632 2391 Francia
661 2351 836 2392 exulare
867 2352 1108 2407 compulsus
1138 2353 1291 2402 fuerat,
1321 2360 1443 2394 nocte
1476 2369 1580 2407 qua-

183 2418 278 2458 dam
317 2425 415 2472 post
452 2418 681 2458 matutinas
722 2434 817 2459 cum
858 2419 901 2459 in
933 2420 1107 2460 ecclesia
1146 2421 1313 2462 Sanctae
1356 2422 1576 2462 Columbae

183 2499 322 2525 coram
358 2485 479 2526 altari
518 2492 751 2539 prostratus
789 2486 834 2526 in
874 2487 1136 2528 orationibus
1175 2489 1249 2528 diu
1293 2489 1495 2543 jacuisset
1536 2498 1578 2531 et

183 2552 235 2593 de
272 2552 511 2606 Anglorum
552 2552 672 2607 Rege
714 2553 902 2594 Henrico
941 2556 1125 2595 seeundo
1165 2557 1440 2611 ejusdemque
1480 2558 1577 2598 filiis

183 2627 226 2660 et
257 2635 402 2660 eorum
441 2620 563 2660 exitu
602 2620 713 2661 inter
749 2621 952 2662 orandum
992 2622 1101 2663 forte
1142 2625 1379 2677 cogitasset,
1417 2626 1578 2666 audivit

232 2719 442 2752 ¹“Elevcin
475 2730 542 2752 non
580 2718 696 2763 procul
729 2731 748 2752 a
783 2719 888 2763 Vagae
923 2721 1063 2754 fluvi0.'’
1126 2721 1177 2754 Dc
1212 2722 1326 2756 Rebus
1359 2723 1473 2766 gestis,
1509 2723 1571 2757 &cn

183 2766 272 2809 Ang.
291 2765 365 2799 Sac.
385 2765 420 2799 ii.
438 2766 517 2799 497.
