1908 3135
156 787 179 811 Α
191 787 286 813 vision.

374 262 455 300 108
784 272 1023 305 GIRALDUS
1057 273 1354 305 CAMBRENSIS

963 438 1068 478 CAP.
1093 438 1180 478 IX.

371 537 439 576 De
458 537 575 590 Reqe
595 537 780 577 Henrico
814 539 977 578 interim
1010 539 1052 577 in
1075 537 1233 591 Anylia
1268 538 1431 591 rapinis
1465 538 1596 577 variis
1632 542 1671 577 et
1701 538 1770 578 de-

430 604 626 643 cimarum
660 606 940 644 emetionibus
962 606 1129 654 intento,
1153 610 1192 644 et
1221 605 1441 644 visionibus
1463 605 1770 658 quampluribus

429 672 741 711 commonitoriis
757 678 795 711 et
816 673 1130 712 cormninatoriis
1138 673 1307 724 frustra
1326 673 1403 712 sibi
1410 673 1662 726 propalatis.

430 769 535 810 REX
571 776 714 810 autem
745 770 958 811 Henricus
990 771 1063 824 qui
1100 770 1355 810 decimarum
1386 770 1556 811 interim
1584 771 1771 811 exactio-

372 837 529 885 nibus,1
551 837 804 878 forestarum
834 837 878 877 in
913 837 1070 891 Anglia
1100 838 1248 887 causis,
1282 837 1490 891 variisque
1524 838 1682 892 rapinis
1717 838 1769 878 ad

372 903 712 956 exaggerandum
744 903 965 957 pecuniam
997 904 1131 943 modis
1167 904 1362 944 omnibus
1392 919 1561 958 operam
1583 905 1768 953 dederat,

372 970 517 1009 audito
537 985 677 1010 rerum
700 969 875 1010 istarum
898 978 1065 1019 eventu,
1090 971 1385 1024 Comitemque
1417 986 1440 1011 a
1471 978 1613 1025 coepto
1634 972 1769 1012 nulla-

373 1044 496 1076 tenus
516 1051 636 1090 posse
658 1037 856 1085 revocari,
879 1037 1163 1090 gravissimam
1196 1037 1322 1077 etiam
1341 1038 1599 1078 Francorum
1621 1039 1767 1092 Regis,

373 1103 407 1143 si
439 1118 523 1143 non
558 1104 674 1143 ocius
706 1111 940 1153 revocetur,
963 1104 1294 1158 indignationem
1321 1105 1477 1159 pariter
1512 1112 1556 1145 et
1583 1105 1768 1159 despica-

374 1170 554 1220 tionen13
588 1171 762 1224 visoque
794 1177 837 1210 et
856 1171 1142 1212 animadverso
1163 1179 1293 1212 totam
1317 1172 1361 1211 in
1392 1172 1527 1212 filium
1557 1173 1768 1213 machina-

372 1237 531 1278 tionem
553 1253 684 1286 suam,
708 1239 764 1278 sic
786 1245 834 1278 ut
855 1254 1018 1293 semper
1046 1246 1332 1288 consueverat,
1356 1247 1398 1280 et
1427 1241 1768 1281 excommunica-

374 1305 500 1345 tionis
537 1306 790 1345 sententiam
826 1321 900 1359 per
935 1306 1074 1360 ipsum
1110 1313 1196 1346 tam
1228 1305 1518 1360 sollempniter
1549 1307 1686 1347 datam
1722 1308 1767 1347 in

372 1380 501 1425 caput
520 1373 739 1426 proprium
760 1388 1033 1422 reversuram,
1056 1373 1209 1413 anxius
1240 1380 1282 1413 et
1314 1373 1458 1413 dolens
1478 1389 1621 1414 versus
1652 1390 1765 1415 mare

372 1437 704 1479 Normannicum
731 1439 1075 1479 transfretaturus
1096 1440 1302 1480 accessit.2
1353 1440 1518 1480 Multos
1549 1448 1691 1481 autem
1721 1442 1766 1481 in

372 1504 530 1558 Anglia
570 1513 613 1546 et
651 1506 739 1546 fere
779 1508 957 1560 majores
997 1514 1183 1556 cunctos,
1225 1522 1302 1547 nec
1343 1508 1479 1547 solum
1528 1509 1682 1548 amicos
1723 1516 1766 1549 et

371 1573 619 1614 domesticos
650 1589 795 1614 verum
832 1574 958 1614 etiam
997 1574 1319 1623 inimicissimos,
1353 1590 1508 1629 eosque
1549 1576 1764 1629 praecipue

370 1655 475 1695 quos
515 1642 645 1694 magis
686 1656 836 1681 exosos
874 1641 1060 1681 habebat
1094 1648 1137 1681 et
1186 1649 1415 1695 suspectos,
1457 1642 1551 1683 illos
1591 1643 1762 1697 quidem

366 1709 582 1750 blanditiis
601 1710 788 1750 alliciens
809 1717 851 1750 et
869 1710 1097 1764 promissiS,
1116 1710 1218 1750 istos
1238 1726 1335 1751 vero
1367 1712 1763 1753 comminationibus

368 1790 521 1830 urgens
540 1784 582 1817 et
604 1784 827 1830 potestate,
849 1792 1015 1817 crucem
1035 1777 1246 1831 suscipere
1265 1778 1366 1818 fecit
1384 1795 1392 1827 3
1416 1779 1528 1819 unde
1558 1787 1601 1819 et
1624 1794 1761 1820 coram

365 1844 526 1897 magnis
543 1844 797 1897 quibusdam
818 1844 930 1892 viris,
955 1844 1027 1884 sed
1047 1844 1323 1884 familiaribus
1341 1852 1491 1895 tamen,
1508 1847 1761 1900 quandoque

365 1911 492 1950 verba
525 1911 819 1966 hujuscemodi
838 1926 893 1950 ex
927 1911 1183 1951 abundantia
1202 1911 1336 1951 cordis
1368 1912 1529 1953 emisit:
1565 1913 1761 1953 “Nonne

368 1978 665 2026 Francorum,”
693 1978 848 2031 inquit,
873 1981 898 1999 “
917 1978 1082 2031 Regem
1111 1986 1233 2018 caute
1262 1979 1362 2018 satis
1395 1979 1760 2020 circumveniendo

367 2044 529 2098 decepi,
550 2059 676 2098 quem
696 2051 812 2084 tanto
832 2044 967 2083 labori
986 2052 1029 2083 et
1056 2051 1141 2084 tam
1169 2045 1419 2098 periculoso,
1453 2061 1509 2085 ex
1538 2046 1758 2096 industria,

367 2118 414 2150 ut
439 2111 694 2164 obligaretur
712 2111 879 2160 induxi,
913 2125 1008 2150 cum
1028 2117 1164 2150 tamen
1197 2112 1241 2150 in
1262 2127 1328 2151 me
1352 2114 1442 2151 est³
1460 2113 1526 2152 vel
1556 2113 1637 2152 it'er
1658 2113 1759 2152 arri-

365 2192 465 2231 pere
484 2177 550 2217 vel
582 2177 890 2231 supersedere.”
951 2176 1075 2217 Unde
1106 2185 1148 2217 et
1178 2192 1262 2217 non
1292 2178 1373 2218 nisi
1403 2178 1447 2218 in
1475 2179 1570 2219 dolo
1592 2194 1757 2220 crucem

367 2244 551 2284 creditur
579 2244 823 2298 suscepisse,
855 2259 950 2284 cum
983 2244 1110 2284 vellet
1138 2260 1162 2284 a
1190 2246 1305 2285 curia
1337 2246 1543 2295 Romana,
1562 2247 1756 2299 pecuniae

366 2312 623 2361 interventu,
665 2312 775 2351 sicut
806 2311 849 2351 in
888 2310 1032 2351 multis
1070 2311 1227 2352 illicitis
1276 2313 1421 2352 crebro
1471 2320 1756 2363 consueverat,

368 2378 643 2419 absolutionis
670 2378 793 2418 facile
820 2378 1046 2432 impetrare
1076 2394 1196 2432 posse
1234 2380 1602 2433 dispensationem.
1654 2381 1757 2421 Pro-

367 2445 464 2485 inde
499 2445 790 2486 vehementius
835 2445 1125 2486 admirandum
1170 2446 1369 2500 quoniam
1420 2453 1619 2500 tanquam
1666 2449 1758 2488 cani

368 2513 670 2566 comparandus
721 2513 767 2551 in
802 2512 968 2561 foenili3
1020 2528 1097 2553 nec
1148 2513 1237 2567 ipse
1284 2514 1363 2554 hoc
1408 2514 1577 2568 aggredi
1616 2515 1756 2555 animo

416 2609 424 2627 ¹
453 2608 526 2640 The
553 2608 655 2640 tithes
683 2608 888 2651 mentioned,
907 2620 940 2653 p.
971 2612 1027 2643 98.
1142 2614 1155 2632 ³
1182 2612 1336 2656 Bouquet
1370 2612 1465 2645 reads
1504 2614 1539 2645 in
1571 2625 1665 2651 mea;
1706 2626 1755 2647 sc.

368 2655 430 2687 See
447 2654 517 2686 also
538 2653 713 2694 Hoveden‚
731 2656 810 2687 366.
1096 2656 1266 2691 voluntate
1284 2671 1291 2699 ;
1337 2658 1394 2691 the
1435 2665 1593 2691 sentence
1633 2658 1756 2705 having

410 2700 422 2717 ²
446 2699 530 2744 July
566 2701 617 2740 10,
648 2702 747 2742 1188,
781 2699 960 2744 according
993 2707 1027 2733 to
1095 2702 1178 2735 been
1197 2703 1254 2737 left
1274 2704 1465 2737 unfinished
1483 2704 1527 2748 by
1545 2704 1601 2737 the
1618 2706 1737 2740 scribe.

368 2746 575 2778 Benedictus
593 2745 719 2778 Abbas.
756 2746 817 2778 See
831 2745 901 2778 also
916 2746 1026 2779 Hove-

367 2791 443 2835 den,
458 2792 480 2825 f.
499 2792 577 2833 367,
598 2791 628 2824 b.
