1908 3135
399 253 479 293 136
698 286 701 287 ⁷
804 263 1041 295 GIRALDUS
1077 262 1373 295 cAMBRENsls

396 362 578 411 tendam,
600 367 650 402 ut
670 362 760 415 ejus
790 362 894 402 fines
914 362 977 402 vir
1007 368 1204 402 strenuus
1235 367 1379 401 contra
1409 360 1574 400 crebros
1600 358 1787 398 hostium

396 437 566 470 tueatur
585 429 781 470 insultus.

932 565 1038 605 CAP.
1062 563 1252 605 XXIII.

390 658 460 706 De
477 663 749 718 Imperatoris
755 662 854 717 filio
873 677 961 702 cum
989 663 1192 702 exercitus
1208 668 1350 715 parte,
1377 661 1449 702 sed
1472 661 1586 715 lonye
1615 662 1781 710 minore,

450 732 499 772 de
518 731 743 772 Antiochia
775 732 816 772 T
810 746 942 785 yrum,
967 731 1015 770 de
1040 731 1150 784 Tyro
1170 730 1363 778 Aeonem,
1390 729 1599 769 inutiliter
1626 735 1784 769 transe-

450 807 558 840 unte.

178 911 371 938 Thereucsof
451 898 551 938 NEC
583 897 708 951 longe
743 903 840 951 post
870 897 961 937 dux
990 896 1158 936 Suaviae
1187 896 1350 950 Tyrum
1375 895 1472 936 inde
1493 895 1711 944 transiens,
1743 901 1786 935 et

178 943 220 968 his
235 952 309 977 army

176 984 250 1014 yvorn
263 978 358 1010 outby
391 965 661 1019 postmodum
692 964 896 1012 Aeonem,
934 964 986 1003 ad
1020 969 1212 1003 nostrum
1247 963 1483 1003 exercitum
1521 962 1785 1002 obsidentem

175 1013 375 1069 ᾏῖῑὲἷῗιξιῗζῖζῖςθ
391 1032 548 1086 pariter
588 1038 631 1072 et
670 1032 884 1071 obsessum
931 1045 955 1070 a
994 1030 1108 1083 Tyro
1148 1035 1420 1078 transvectus,
1470 1029 1514 1068 in
1555 1028 1626 1068 illa
1665 1034 1782 1082 peste

391 1099 602 1139 communi
632 1113 707 1153 per
737 1098 843 1139 aeris
872 1097 986 1138 illius
1016 1096 1328 1137 inclementiam
1358 1096 1625 1150 patriamque
1655 1095 1785 1149 pesti-

386 1167 532 1216 feram,
557 1182 633 1207 nec
665 1181 750 1206 non
781 1172 823 1206 et
851 1166 1131 1206 Teutonicam
1161 1180 1249 1219 prae
1279 1165 1473 1205 omnibus
1498 1164 1783 1218 intemperan-

386 1234 502 1284 tiam,
525 1249 621 1275 cum
642 1233 812 1274 residuo
834 1248 1007 1273 suorum
1027 1233 1069 1272 in
1090 1233 1208 1272 brevi
1229 1238 1506 1285 consumptus
1529 1238 1604 1272 est.

442 1301 570 1350 Vide,
584 1301 730 1349 lector,
741 1300 1098 1354 quemadmodum
1113 1306 1257 1339 tantus
1275 1299 1501 1348 exereitus,
1513 1299 1633 1352 cujus
1649 1298 1781 1338 moles

386 1368 636 1408 Christianis
676 1374 765 1407 erat
804 1367 856 1406 ad
901 1367 1076 1420 gloriam
1117 1374 1160 1406 et
1198 1365 1430 1419 gentilibus
1470 1366 1522 1405 ad
1561 1373 1778 1415 terrorem,

384 1435 549 1475 occulto
580 1434 663 1474 Dei
694 1434 871 1488 judicio,
905 1433 976 1473 sed
1007 1447 1226 1486 nunquam
1256 1433 1431 1487 injustO,
1458 1433 1587 1486 juxta
1606 1432 1780 1472 visionis

382 1502 644 1556 praescriptae
698 1508 887 1541 tenorem
939 1507 982 1539 et
1020 1500 1132 1540 vocis
1171 1499 1366 1553 lugubris
1415 1499 1776 1548 lamentationem,

383 1569 679 1609 miserabiliter
717 1567 960 1608 exinanitus
999 1567 1184 1607 evanuit,
1245 1567 1495 1607 Notandum
1534 1566 1613 1606 hoc
1651 1566 1778 1606 etiam

385 1637 499 1690 quod
519 1637 580 1676 vir
602 1642 745 1676 tantus
773 1635 825 1675 ad
848 1635 1006 1675 Christi
1027 1634 1280 1688 obsequium
1302 1641 1386 1674 tam
1415 1634 1583 1687 egregie
1605 1640 1777 1687 tamque

384 1704 533 1744 devote
574 1711 701 1757 prout
730 1703 954 1743 videbatur
992 1702 1217 1750 accinctus,
1250 1709 1336 1741 tam
1371 1701 1700 1754 ignominiosum
1734 1707 1777 1740 et

383 1777 468 1809 tam
509 1769 790 1823 inopinatum,
830 1783 915 1808 una
952 1783 1047 1808 cum
1088 1767 1283 1807 exercitu
1326 1774 1417 1807 toto
1457 1767 1628 1821 penitus
1678 1773 1775 1806 ante

381 1852 490 1891 pene
541 1837 694 1885 deleto,
734 1851 875 1876 casum
932 1835 1124 1875 incurrit.
1216 1834 1490 1888 Quapropter
1538 1834 1650 1873 credi
1699 1848 1777 1887 pro

381 1912 496 1944 certo
516 1904 687 1958 poterit,
711 1904 825 1958 quod
845 1918 930 1943 non
950 1917 1302 1956 usquequaquam
1319 1902 1413 1942 Deo
1432 1901 1562 1941 fuerit
1581 1908 1778 1955 acceptus

381 1972 449 2012 hie
474 1974 565 2027 ejus
596 1986 829 2025 aggressus,
859 1971 960 2024 quia
988 1971 1054 2010 vel
1080 1970 1253 2010 brachio
1283 1984 1372 2018 SUO,
1402 1984 1486 2008 non
1519 1969 1672 2009 divinae
1702 1984 1778 2023 po-

383 2040 530 2080 tentiae
553 2054 627 2079 seu
647 2038 958 2085 misericordiae,
978 2038 1011 2077 si
1034 2037 1138 2090 quid
1159 2038 1196 2077 ei
1216 2037 1260 2076 in
1276 2037 1354 2076 hoc
1377 2036 1528 2076 itinere
1546 2036 1776 2089 gloriosum

382 2106 593 2154 acciderit,
634 2105 841 2145 ascribere
887 2112 1178 2158 proposuerat.
1262 2102 1355 2143 Aut
1408 2104 1551 2156 potius
1603 2111 1777 2156 propter

382 2173 528 2213 scisma
563 2171 777 2212 vicennale
814 2186 899 2226 quo
932 2171 1072 2211 clerici
1098 2171 1279 2224 laicique
1311 2170 1596 2224 apostolorum
1631 2170 1777 2210 limina

380 2246 589 2294 petentes,
620 2246 685 2280 tot
711 2254 786 2293 per
816 2239 908 2293 ejus
936 2238 1202 2292 tyrannidem
1232 2237 1430 2286 mutilati,
1465 2244 1530 2277 tot
1563 2237 1776 2277 exoculati

380 2308 569 2357 fuerunt,
607 2314 758 2361 totque
797 2306 949 2355 necati,
992 2305 1166 2346 ecclesia
1205 2320 1378 2359 quoque
1417 2305 1533 2345 beati
1566 2304 1697 2353 Petri,
1732 2305 1775 2344 in

382 2376 485 2415 urbe
508 2374 719 2414 Romulea
740 2381 782 2414 et
812 2373 909 2413 sede
940 2388 1016 2413 sua
1044 2373 1228 2426 propria,
1252 2388 1326 2426 per
1348 2372 1609 2412 Alemannos
1630 2372 1775 2412 eadem

384 2449 631 2496 tempestate
685 2441 917 2481 combusta.
1000 2440 1114 2482 Quia
1164 2455 1290 2494 super
1339 2440 1405 2479 his
1456 2439 1596 2479 forsan
1647 2440 1775 2479 tantis

384 2510 639 2557 excessibus,
668 2524 744 2548 nec
776 2509 898 2548 corde
930 2515 1207 2561 compunctus
1237 2508 1288 2547 ad
1316 2507 1490 2561 plenum
1520 2507 1673 2554 fuerat,
1696 2522 1773 2546 nec

386 2575 646 2616 confessione
682 2581 898 2628 purgatus,
921 2574 1102 2614 divinam
1134 2574 1179 2613 in
1202 2575 1323 2614 terris
1344 2589 1439 2613 cum
1471 2573 1662 2613 exercitu
1684 2589 1774 2624 suo,

388 2643 586 2697 quoniam
622 2649 796 2696 propter
827 2641 1028 2681 delictum
1067 2641 1269 2695 principis
1301 2641 1485 2695 populus
1524 2640 1775 2695 plerumque

387 2710 577 2764 punitur,
619 2708 825 2748 ultionem
866 2708 1056 2748 incurrit.
1139 2707 1259 2748 Sicut
1298 2708 1480 2762 populus
1518 2707 1775 2748 Israeliticus

386 2785 628 2817 numeratus
659 2792 681 2816 a
703 2776 836 2829 Rege,
861 2776 934 2829 qui
955 2776 1008 2815 ob
1030 2776 1106 2816 hoc
1129 2791 1151 2816 a
1174 2776 1358 2816 Domino
1387 2783 1522 2829 strage
1554 2791 1775 2829 percussus
