1908 3135
370 266 426 305 90
785 275 1023 308 GIRALDUS
1057 275 1355 309 CAMBRENSIS

372 371 552 412 terribili
592 373 754 413 cunctis
795 374 984 415 Franciae
1024 374 1269 428 proceribus
1308 375 1519 429 exemplo,
1558 375 1761 416 comitatu

371 438 660 479 Viromanniae
681 439 871 494 privatus
891 448 954 481 est
975 456 1112 481 comes
1134 448 1177 481 et
1195 442 1469 482 1111111111εῑῒι18.1

155 524 243 562 Phffip
256 524 314 557 lays
427 505 557 546 Anno
579 521 677 546 vero
710 511 948 560 sequente,2
967 515 1193 562 postquam
1226 508 1337 549 inter
1367 508 1533 562 Regem
1557 515 1600 549 et
1623 509 1764 550 Comi-

153 558 296 622 {3232
309 592 338 615 at
368 578 454 613 tem
475 572 510 612 F
512 573 686 614 landriae
706 588 792 627 pax
819 574 1046 615 reformata
1064 575 1204 615 fuerat
1225 582 1267 615 et
1287 575 1544 625 confirmata,
1567 582 1657 616 toto
1672 577 1762 630 jam

153 623 264 680 {Qensgfg
265 631 324 681 111ξῖ
367 639 623 679 Francorum
676 655 820 694 regno,
860 648 1018 694 praeter
1066 648 1196 682 terras
1236 641 1476 696 Anglorum
1522 642 1668 696 Regis,
1709 643 1762 682 ad

155 688 294 746 ξιᾞὲἕῑε.
365 706 537 746 libitum
566 707 697 761 Regis
731 708 922 748 Franciae
956 708 1219 762 complanato
1255 716 1298 749 et
1329 709 1544 749 fortunate
1576 709 1760 759 redacto,

366 773 634 827 suggestione
676 774 867 829 Philippi
914 775 1091 816 Comitis
1139 776 1366 825 Flandriae,
1407 777 1582 817 vindicis
1631 777 1760 817 animi

366 855 527 880 veneno
562 841 724 891 infecti,
749 842 1007 882 Francorum
1038 842 1138 882 Rex
1173 843 1217 882 in
1252 843 1487 884 Henricum
1520 843 1761 897 Anglorum

368 905 534 959 Regem
587 922 701 947 arma
752 922 917 948 sumere
960 915 1003 948 et
1043 908 1287 949 Alverniam
1333 910 1511 950 viriliter
1549 911 1761 951 vindicare

369 973 565 1013 decrevit.
628 973 896 1028 Praeceperat
936 974 1048 1014 enim
1091 982 1210 1028 pater
1249 975 1350 1024 filio,
1391 976 1437 1015 in
1475 977 1627 1017 ultimo
1665 992 1763 1018 con-

368 1040 544 1080 stitutus
564 1041 756 1089 articulo,
780 1048 988 1094 quatenus
1018 1042 1116 1096 jura
1135 1057 1300 1082 coronae
1330 1043 1458 1097 regiae
1481 1044 1582 1084 totis
1602 1044 1763 1085 viribus

366 1114 592 1148 revocaret.
654 1107 714 1147 Et
752 1108 796 1147 in
832 1108 990 1162 primis,
1031 1116 1081 1149 ut
1116 1108 1374 1159 Alverniam,
1415 1110 1466 1150 (10
1507 1126 1592 1165 qua
1629 1112 1764 1166 major

367 1181 411 1213 et
445 1174 708 1214 manifestior
747 1174 905 1229 injuria
935 1174 1088 1225 fuerat,
1121 1176 1230 1215 sicut
1268 1177 1605 1218 benedictionem
1645 1193 1762 1219 suam

366 1240 520 1280 habere
556 1240 738 1289 volebat,
772 1256 930 1281 mensae
970 1242 1101 1295 regali
1141 1243 1431 1296 reintegraret.
1513 1244 1763 1285 Convocatis

365 1307 497 1361 igitur
530 1307 731 1361 utrinque
752 1308 909 1348 viribus
939 1308 1152 1350 immensis
1181 1317 1225 1350 et
1255 1310 1299 1349 in
1331 1311 1524 1365 partibus
1545 1312 1760 1353 Alverniae

367 1374 567 1414 consertis
586 1391 595 1423 3
627 1375 724 1414 hinc
744 1375 1017 1428 paucioribus
1038 1377 1109 1416 sed
1139 1377 1389 1430 potioribus,
1412 1379 1582 1419 armatis
1604 1379 1761 1433 quippe

365 1441 515 1481 melius
537 1448 579 1481 et
601 1441 867 1491 exercitatis3
900 1442 1016 1482 1111110
1036 1443 1313 1483 multitudine
1337 1444 1511 1498 quidem
1534 1446 1670 1486 multa
1689 1447 1763 1486 sed

365 1507 657 1561 incomposita,
673 1523 750 1548 nec
771 1509 824 1548 ad
845 1509 1201 1561 congrediendum
1224 1525 1279 1550 ex
1300 1511 1423 1552 corde
1446 1512 1597 1553 devota
1614 1528 1623 1562 3
1657 1528 1762 1567 quo-

367 1574 469 1614 tidie
497 1581 628 1614 terras
654 1574 870 1614 Alverniae
907 1582 981 1615 aut
1011 1590 1096 1615 non
1130 1577 1383 1618 rebellantes
1415 1579 1495 1619 sibi
1527 1580 1761 1633 occupavit,

365 1648 442 1681 aut
475 1641 668 1681 resistere
705 1642 903 1691 nitentes,
936 1642 978 1682 in
1012 1643 1104 1696 ipso
1135 1644 1266 1696 partis
1300 1645 1485 1686 adversae
1519 1654 1763 1700 conspectU,

366 1708 554 1747 caedibus
591 1709 903 1748 exterminavit.
964 1709 1064 1749 Rex
1101 1716 1243 1749 autem
1278 1710 1491 1751 Henricus
1527 1712 1580 1752 ad
1619 1713 1764 1753 solitas

365 1774 569 1814 versutias
613 1790 656 1815 se
702 1783 962 1824 convertens,
999 1776 1175 1816 barones
1227 1776 1431 1827 Franciae,
1466 1779 1762 1833 Comitemque

367 1841 577 1882 Flandriae
609 1844 838 1897 praecipue,
865 1843 1010 1883 multis
1041 1859 1157 1884 more
1189 1852 1390 1885 consueto
1418 1853 1504 1886 tam
1535 1847 1765 1901 praemissis

367 1923 493 1962 quam
526 1910 754 1962 promissis,
778 1911 831 1950 ad
863 1925 1113 1950 consensum
1146 1911 1535 1962 sollicitandOLnon
1569 1914 1763 1968 profecit.

367 1975 518 2015 Comes
539 1976 650 2016 enim
674 1976 911 2031 Philippus,
940 1977 1109 2031 injuriae
1140 1993 1226 2018 non
1256 1978 1476 2019 immemor
1507 1981 1592 2021 alta
1622 1988 1764 2021 mente

366 2042 577 2095 repositae,
612 2043 792 2096 qualiter
833 2043 934 2082 Rex
965 2043 1154 2083 Franciae
1196 2044 1443 2086 comitatum
1473 2046 1763 2087 Viromanniae

366 2123 442 2161 per
473 2108 612 2161 ipsum
645 2109 727 2149 sibi
757 2109 884 2163 paulo
906 2116 1002 2150 ante
1024 2110 1305 2160 subtraxerat,
1330 2110 1604 2166 (quamquam
1622 2121 1764 2154 tamen

368 2189 465 2214 eum
499 2182 650 2215 mutuo
686 2191 812 2229 super
847 2176 1012 2216 auxilio
1050 2176 1131 2215 sibi
1164 2177 1357 2227 invicem,
1380 2186 1526 2219 contra
1551 2180 1764 2234 juveniles

367 2242 556 2295 ejusdem
609 2243 806 2296 impetus,
859 2243 1138 2284 communiter
1182 2244 1341 2284 viribus
1397 2246 1603 2300 utrisque,
1655 2247 1765 2288 sicut

368 2308 565 2348 facillime
601 2316 800 2363 poterant
828 2310 1125 2359 conservando,
1157 2311 1409 2351 multociens
1449 2320 1547 2353 ante
1582 2313 1765 2355 inaniter

368 2375 539 2414 omnino
565 2376 844 2429 solicitasset,)
866 2377 1016 2416 acriter
1041 2377 1178 2417 eidem
1203 2377 1516 2432 improperavit.
1578 2380 1764 2421 Barones

367 2450 509 2482 autem
546 2443 631 2492 alii,
663 2450 837 2497 propter
868 2444 995 2483 fidem
1027 2443 1140 2497 Regi
1174 2450 1218 2484 et
1252 2459 1382 2498 regno
1414 2447 1671 2497 servandam,
1693 2448 1765 2488 alii

367 2524 465 2549 vero
485 2516 660 2563 propter
689 2517 866 2560 metum,
893 2526 947 2550 ne
979 2510 1032 2550 ad
1052 2510 1186 2563 Regis
1209 2511 1406 2552 notitiam
1435 2513 1480 2553 id
1509 2515 1763 2567 perveniret,

370 2576 443 2629 qui
482 2576 606 2629 longe
646 2584 779 2630 patre,
818 2592 945 2630 quem
986 2577 1043 2617 sic
1084 2577 1240 2618 totiens
1271 2579 1416 2619 fallere
1451 2588 1764 2631 consueverant,

418 2696 425 2714 ¹
454 2695 493 2727 In
506 2695 562 2727 the
581 2707 658 2739 year
675 2699 775 2729 1185.
788 2697 850 2728 See
865 2696 1031 2740 Rigordus
1247 2700 1259 2717 ²
1284 2711 1350 2732 Α.1).
1377 2699 1477 2732 1187.

368 2740 478 2820 ἓὲὲλι
497 2741 639 2783 Chesne,
654 2753 686 2785 p.
704 2744 757 2784 13,
771 2742 837 2774 and
857 2741 990 2783 Diceto,
1001 2754 1034 2786 p.
