1908 3135
350 265 405 305 94
761 275 999 308 GIRALDUS
1034 276 1333 308 OAMBRENSIS

348 374 507 428 majore
538 388 581 414 se
602 374 764 415 cunctis
795 375 967 416 interim
989 376 1148 416 viribus
1181 377 1334 417 acriter
1355 385 1398 417 et
1423 377 1621 418 audacter
1648 392 1745 417 con-

349 441 477 481 vertit
495 441 548 482 ad
567 442 900 495 expugnandum
923 451 965 483 et
989 443 1291 484 ulciscendum.
1354 444 1518 485 Audita
1544 445 1745 485 nimirum

349 507 394 547 in
427 508 574 562 primis
604 509 859 550 Patriarchae
889 511 941 550 ad
969 510 1162 550 occiduas
1193 517 1334 565 partes
1365 511 1591 565 legatione,
1614 512 1744 552 totius

348 582 435 615 tam
455 576 603 630 populi
624 592 752 631 quam
774 577 873 618 cleri
900 577 1074 618 consilio
1095 578 1253 632 pariter
1276 586 1318 619 et
1339 579 1545 619 desiderio
1565 579 1743 632 provisa,

348 649 398 682 ut
418 651 507 684 erat
524 644 588 683 vir
607 644 806 698 providus
827 650 870 684 et
888 645 1073 699 prudens
1094 644 1138 684 in
1159 652 1284 698 gente
1305 660 1395 694 sua,
1418 652 1536 685 tanta
1554 645 1745 685 reformi-

347 709 449 750 dans
473 709 802 750 Christianitatis
835 711 1010 760 auxilia,
1035 717 1077 751 et
1107 711 1323 765 praecipue
1345 711 1583 766 Anglorum
1613 712 1746 765 Regis

347 777 590 826 adventum,
620 792 748 831 quem
787 777 891 817 adeo
922 777 1235 818 formidabilem
1269 779 1469 831 gentibus
1506 779 1607 819 olim
1640 779 1745 819 falso

346 843 460 884 fama
487 843 747 893 confixerat3
778 850 866 883 tam
896 843 1122 883 imminens
1155 844 1235 884 sibi
1267 845 1481 899 servisque
1506 845 1745 899 periculum

349 916 469 950 caute
500 910 554 950 ad
586 924 772 963 praesens
804 910 1011 950 declinare
1042 911 1283 964 disponens,
1316 912 1505 965 plurium
1538 927 1744 952 annorum

348 984 517 1030 treugas
551 991 648 1016 cum
684 976 913 1016 stabilitate
946 976 1184 1026 firmandas,
1214 977 1463 1031 priusquam
1500 978 1745 1019 Patriarcha

347 1043 430 1084 iter
449 1043 642 1098 arripuit,
664 1043 830 1083 nunciis
852 1043 975 1083 variis
994 1044 1134 1097 petiit,
1157 1044 1229 1083 sed
1251 1044 1442 1085 obtinere
1471 1059 1557 1085 non
1586 1046 1743 1099 potuit.

347 1109 452 1151 Fuit
470 1111 629 1166 quippe
652 1118 769 1151 tanta
792 1110 1185 1165 supervenientium
1208 1125 1358 1151 canum
1378 1111 1624 1161 multitudo,
1648 1128 1745 1166 quae

345 1193 523 1219 numero
544 1179 683 1219 claudi
704 1193 781 1218 nec
802 1178 965 1218 ratione
987 1177 1172 1217 humana
1191 1178 1351 1231 poterit
1367 1179 1579 1220 aestimari.
1642 1179 1747 1221 Pro-

343 1246 441 1286 inde
462 1253 594 1286 tantae
626 1245 895 1285 multitudini
927 1251 969 1284 et
989 1251 1076 1284 tam
1107 1244 1288 1285 infinitae
1311 1245 1477 1285 tantilla
1506 1253 1746 1287 nostrorum

342 1313 532 1367 paucitas
558 1313 752 1353 resistere
784 1327 867 1352 non
898 1312 1151 1366 praevaluit3
1184 1312 1421 1365 praesertim
1442 1328 1538 1352 cum
1564 1315 1746 1354 offensus

343 1380 475 1421 fuerit
496 1380 708 1420 Dominus
738 1379 899 1433 populo
929 1394 1019 1429 suo,
1041 1379 1086 1418 in
1119 1378 1253 1433 Cujus
1277 1379 1360 1419 fide
1393 1386 1435 1419 et
1455 1380 1613 1420 virtute
1643 1396 1746 1420 unus

342 1449 485 1502 utique
513 1447 837 1501 persequebatur
857 1446 968 1486 mille
981 1464 996 1493 ,·
1027 1451 1065 1486 et
1090 1446 1167 1485 cluo
1187 1446 1397 1499 fuqabant
1427 1447 1562 1486 decem
1596 1448 1745 1497 millia,

342 1521 423 1555 etc.

401 1581 593 1636 Ideoque
623 1582 666 1621 in
696 1581 769 1621 illa
789 1580 1051 1621 lamentabili
1073 1587 1209 1634 strage
1232 1587 1275 1620 et
1304 1580 1597 1621 inconsolabili
1624 1582 1747 1636 plaga

343 1664 471 1704 quam
501 1650 547 1689 in
569 1656 680 1690 terra
708 1648 997 1702 promissionis
1028 1647 1145 1688 furor
1171 1647 1348 1687 Domini
1375 1662 1511 1702 nuper
1539 1649 1744 1698 exercuit,

342 1717 467 1758 multi
497 1716 630 1757 sancti
651 1723 694 1756 et
717 1715 843 1755 multi
872 1715 992 1769 impii
1021 1714 1320 1755 miserabiliter
1350 1715 1394 1754 in
1417 1730 1487 1754 ore
1506 1715 1635 1768 gladii
1655 1731 1745 1756 cor-

342 1791 538 1833 ruerunt3
575 1789 626 1824 ut
648 1783 693 1823 in
723 1782 797 1822 illa
816 1782 1070 1823 contritione
1091 1781 1279 1835 generali
1301 1796 1430 1835 grana
1451 1789 1746 1835 separarentur

342 1865 367 1891 a
399 1850 546 1905 paleis,
577 1856 627 1890 ut
648 1864 744 1890 vasa
778 1848 1023 1902 ignominiae
1057 1856 1370 1901 quassarentur,
1402 1855 1531 1902 atque
1563 1849 1607 1889 in
1638 1849 1746 1890 vasis

341 1917 489 1971 gratiae
510 1931 629 1957 suam
650 1916 862 1957 Dominus
880 1915 1207 1956 misericordiam
1228 1915 1444 1956 revelaret.
1505 1915 1617 1956 Nam
1637 1915 1746 1955 sicut

342 1984 557 2038 apostolus
584 1983 667 2025 ait:
708 1984 747 2023 V
743 1982 853 2023 olens
881 1984 997 2022 Deus
1029 1982 1237 2021 ostendere
1266 1982 1374 2021 iram
1403 1996 1519 2022 suam
1546 1988 1585 2022 et
1610 1988 1746 2022 notam

333 2052 482 2104 facere
506 2051 739 2104 potentiam
769 2063 900 2098 suam,
931 2050 1130 2088 sustinuit
1166 2049 1210 2087 in
1244 2049 1373 2088 multa
1400 2050 1614 2102 patientia
1647 2063 1746 2088 vasa

343 2123 446 2171 apta
475 2118 546 2157 ἐγω
577 2117 622 2156 in
649 2117 876 2164 interitum,
898 2121 943 2154 ut
968 2115 1195 2154 ostenderet
1231 2115 1402 2154 divitias
1432 2116 1574 2168 yloriae
1601 2129 1682 2155 suae
1702 2117 1745 2155 in

342 2185 452 2224 vasis
496 2182 798 2231 misericordiae,
833 2196 919 2236 quae
953 2183 1215 2235 prceparavz't
1259 2183 1302 2220 in
1345 2181 1483 2234 yloria
1524 2196 1612 2232 sua,
1650 2197 1746 2236 quos

342 2257 383 2291 et
401 2252 575 2291 vocavit.
638 2249 853 2290 Percussit
876 2249 1020 2303 itaque
1052 2248 1177 2288 simul
1203 2249 1370 2302 justum
1400 2256 1443 2289 et
1475 2249 1667 2303 impium,
1696 2257 1745 2289 ut

341 2318 522 2358 alterum
559 2323 838 2366 consumeret,
876 2316 1055 2356 alterum
1091 2330 1188 2356 vero
1226 2324 1547 2356 consummaret.
1624 2317 1744 2356 Mors

343 2386 448 2425 enim
490 2390 757 2439 peccatorum
803 2384 999 2437 pessima,
1040 2384 1229 2437 pretiosa
1275 2389 1409 2422 autem
1445 2384 1486 2422 7372
1528 2389 1744 2436 conspectu

342 2453 515 2492 Domini
546 2466 652 2492 mors
678 2457 912 2491 sanctorum
932 2451 1053 2504 Ejus,

398 2519 526 2560 Patet
555 2519 687 2572 igitur
714 2533 769 2558 ex
791 2517 1032 2571 praelnissiS,
1056 2524 1105 2557 ut
1135 2517 1187 2557 ad
1217 2517 1435 2557 historiam
1465 2524 1737 2566 revertamur,

342 2593 517 2641 propter
550 2586 696 2625 inanes
729 2584 968 2638 Anglorum
1000 2584 1134 2637 Regis
1168 2584 1479 2637 promissiones,
1515 2590 1558 2623 et
1596 2598 1743 2636 graves

342 2653 521 2694 aliorum
546 2651 800 2707 principum,
824 2651 924 2704 quia
943 2658 1117 2704 propter
1144 2651 1283 2704 ipsum
1304 2650 1521 2704 praecipue
1552 2650 1604 2689 ad
1625 2657 1743 2691 tanta

341 2720 529 2761 subsidia
556 2719 728 2759 missum
752 2718 907 2767 fuerat,
928 2717 1259 2771 indignationes,
1281 2718 1391 2757 mala
1420 2717 1626 2771 praedicta
1645 2732 1744 2757 con-

341 2787 497 2841 tigisse.
557 2787 638 2828 Vae
659 2786 790 2839 igitur
808 2785 970 2825 homini
1002 2799 1077 2838 per
1102 2785 1224 2838 cujus
1256 2784 1464 2837 ignaviam
1489 2790 1597 2824 terra
1627 2799 1742 2824 sacra
