1908 3135
488 235 551 266 DE
586 233 937 265 INSTRUCTIONE
973 233 1254 265 PRINCIPUM.
1481 217 1538 262 97

141 333 312 387 penitus
335 334 555 374 exactione
575 333 792 373 desistant.
848 331 893 372 Si
913 331 986 386 qui
1004 347 1104 372 vero
1123 347 1200 386 pro
1219 331 1416 371 solvenda
1430 331 1538 372 forte

141 406 340 441 tenentur
371 408 414 441 et
443 401 495 441 ad
525 415 712 455 praesens
743 399 859 440 illam
895 399 1053 440 solvere
1088 399 1386 453 nequiverunt,
1421 398 1539 438 volu-

139 482 232 508 mus
268 475 318 508 ut
348 468 398 508 de
429 468 762 522 possessionibus
794 482 840 507 ac
872 467 963 507 aliis
992 466 1114 506 bonis
1136 481 1278 506 eorum
1313 465 1539 506 sufficienti

140 535 336 576 cautione
356 543 538 589 recepta,
556 550 691 589 usque
709 535 761 575 ad
778 549 923 574 eorum
945 533 1144 581 reditum,
1162 533 1242 582 vel,
1266 533 1300 572 si
1322 533 1381 572 ibi
1399 533 1540 572 dcccs-

139 602 283 651 serint,
306 603 593 657 receptionem
621 602 761 642 nuntii
789 601 893 642 certi
920 601 971 640 de
994 601 1129 649 obitu,
1153 599 1375 640 solutionis
1396 600 1540 640 termi-

138 684 218 709 nus
247 677 512 724 prorogetur,
543 685 596 709 ne
627 669 873 724 hujusmodi
907 668 1122 709 occasione
1155 667 1422 706 commodum
1455 674 1539 707 tam

140 737 362 777 necessarii
396 737 474 777 hoc
505 744 694 791 tempore
726 735 890 776 itineris
922 735 1091 775 interim
1124 734 1277 774 debeat
1308 734 1539 783 retardari3

140 803 199 844 ita
225 810 366 844 tamen
396 811 445 845 ut
472 819 567 844 cum
598 804 814 852 redierint,
843 803 928 843 sive
960 817 1104 842 rumor
1134 808 1273 841 certus
1304 801 1541 842 intonuerit

140 871 191 911 de
222 879 357 912 morte
383 872 585 926 ipsorum,
610 870 807 911 creditori
837 870 887 910 de
919 875 1030 909 sorte
1060 868 1195 923 possit
1216 867 1408 908 satisfieri
1429 883 1540 908 com-

138 946 348 993 petenter.
434 939 598 979 Verum
662 938 763 993 quia
814 937 895 977 nisi
953 936 1166 976 Dominus
1216 942 1356 975 custos
1410 935 1539 975 fuerit

140 1006 335 1056 civitatis,
358 1005 515 1046 frustra
535 1006 711 1060 vigilant
733 1006 926 1046 custodes
948 1004 1076 1053 illius,
1098 1018 1175 1043 nec
1204 1002 1374 1057 proficit
1408 1002 1537 1042 immo

140 1074 284 1114 deficit
310 1074 493 1113 humana
520 1073 692 1113 solertia
715 1073 749 1112 si
771 1072 913 1112 divino
944 1071 1076 1112 fuerit
1098 1069 1296 1123 suffragio
1320 1068 1536 1118 destituta,

114 1145 118 1147 ’
139 1141 467 1181 misericordiam
489 1140 574 1180 Dei
595 1140 743 1180 sedulo
763 1146 860 1179 ante
882 1138 1020 1179 omnia
1041 1137 1238 1192 precibus
1269 1136 1473 1185 invocate,
1497 1143 1539 1176 et

138 1223 214 1263 per
232 1208 425 1248 ecclesias
446 1208 674 1261 praedicate
690 1207 853 1261 jugiter
869 1206 1157 1253 invocandam,
1178 1210 1228 1244 ut
1243 1218 1327 1243 non
1348 1203 1539 1244 attendat

138 1276 386 1330 iniquitates
406 1274 568 1329 populi,
591 1274 664 1314 sed
692 1274 780 1313 sola
808 1273 1076 1313 miseratione
1108 1270 1391 1311 sanctuarium
1414 1284 1538 1309 suum

140 1351 183 1384 et
224 1358 279 1383 ex
329 1343 413 1383 alto
466 1348 651 1382 sanctam
698 1341 913 1381 civitatem
953 1339 1188 1380 Jerusalem
1235 1344 1420 1386 tueatur,
1462 1352 1539 1377 nec

141 1426 232 1452 eam
266 1410 459 1451 nefandis
495 1409 690 1449 manibus
724 1409 953 1463 impiorum
989 1405 1264 1447 contaminari
1304 1405 1538 1458 permittat.

141 1478 329 1532 Satagite
357 1477 484 1518 etiam
515 1483 565 1517 ut
588 1490 865 1530 quoscunque
898 1475 1009 1515 inter
1042 1489 1083 1514 se
1115 1472 1356 1513 inveneritis
1386 1472 1540 1512 discor-

140 1546 300 1594 dantes,
335 1560 405 1585 eos
446 1544 498 1584 ad
536 1558 682 1598 pacem
720 1543 875 1583 bonam
917 1549 959 1582 et
998 1541 1233 1581 animorum
1275 1538 1537 1578 concordiam

141 1612 437 1652 exhortatione
458 1617 533 1651 aut
554 1610 815 1650 districtione
839 1609 1037 1649 canonica
1062 1606 1282 1655 revocetis,
1305 1613 1355 1647 ut
1376 1606 1538 1646 cunctis

139 1679 427 1720 simultatibus
459 1685 502 1719 et
518 1677 623 1718 odiis
644 1677 887 1732 amputatiS,
917 1675 1188 1716 animosiores
1218 1681 1261 1714 et
1280 1673 1411 1727 magis
1440 1689 1538 1714 con-

139 1747 284 1787 cordes
302 1746 540 1786 efficiantur
560 1745 613 1785 ad
632 1745 747 1784 illam
768 1750 937 1798 gentem
968 1742 1193 1796 superbam
1225 1741 1536 1788 conterendam,

139 1822 181 1855 et
195 1814 245 1854 de
266 1814 458 1868 partibus
476 1813 559 1852 illis
581 1827 677 1852 cum
690 1811 852 1852 auxilio
867 1809 1042 1851 Domini
1063 1808 1234 1863 penitus
1256 1807 1535 1861 effugandam.

139 1882 230 1922 Nos
252 1881 378 1921 etiam
399 1895 543 1921 omnes
570 1880 665 1919 illos
697 1880 772 1933 qui
803 1879 847 1918 in
873 1876 1061 1932 personis
1091 1875 1272 1930 propriis
1294 1889 1342 1913 eo
1364 1874 1536 1922 vadunt,

138 1963 371 2002 eorumque
393 1947 573 1987 familias
601 1946 794 1994 mittunt,
817 1945 895 1985 sub
917 1943 1031 1984 beati
1055 1942 1171 1982 Petri
1195 1949 1238 1983 et
1268 1948 1410 1981 nostra
1441 1956 1537 1995 pro-

138 2016 336 2065 tectione,
379 2015 511 2055 donec
552 2014 756 2055 redierint
806 2013 918 2061 inde,
962 2010 1225 2064 suscipimus,
1268 2016 1310 2049 et
1350 2008 1537 2048 omnium

137 2084 347 2124 bonorum
369 2097 541 2122 suorum
557 2088 714 2135 quanta
725 2080 920 2121 volumus
939 2078 1164 2119 securitate
1186 2076 1382 2130 gaudere.
1436 2075 1534 2115 Dat.

759 2282 864 2323 CAP.
898 2281 955 2321 V.

140 2382 207 2420 De
246 2380 400 2419 Comite
430 2379 630 2419 Pictavioe
658 2376 845 2417 Ricardo
874 2375 1011 2428 primo
1047 2373 1312 2426 maynalzcml
1359 2370 1539 2423 Cisalpi-

198 2462 339 2486 norum
388 2460 506 2486 cruce
553 2446 730 2498 εἰφιαίο,
787 2449 949 2495 tamque
1004 2440 1231 2493 Cisalpinis
1277 2437 1539 2492 principibus

199 2529 319 2568 quam
341 2519 380 2553 et
408 2512 607 2552 universis
629 2510 809 2564 eoeemplo
836 2509 946 2549 clato.

200 2614 287 2654 H1s
337 2614 469 2667 igitur
508 2612 552 2651 in
603 2609 890 2651 transmarinis
932 2607 1289 2660 lerosolymorum
1329 2604 1535 2658 partibus,

143 2688 251 2721 nutu
272 2681 428 2730 divino,
452 2688 537 2721 tarn
569 2679 620 2719 ad
642 2677 929 2718 ulciscendum
964 2675 1103 2715 minus
1131 2673 1363 2713 ferventem
1386 2671 1537 2711 Orien-

644 2761 652 2780 ¹
684 2759 937 2804 Magistrorum,
957 2757 1031 2790 MS.

1331 2825 1356 2850 11

1559 2618 1659 2648 Henry,
1676 2616 1736 2640 Phi-

1554 2651 1601 2681 lip,
1614 2650 1666 2674 and
1681 2650 1725 2673 the

1557 2685 1688 2714 Emperor

1556 2715 1701 2740 Fredcrick

1556 2756 1662 2772 assume
1677 2748 1722 2771 the

1556 2790 1638 2805 cross.
