1908 3135
463 224 526 256 DE
561 222 911 254 INSTRUCTIONE
949 222 1229 254 PRINCIPUM.
1481 219 1535 257 95

138 325 367 380 perditioni
403 331 465 365 est
497 324 619 364 data!
682 322 763 364 Vae
801 322 928 362 etiam
968 322 1029 361 illi
1070 337 1144 376 per
1179 323 1301 376 cujus
1340 323 1537 365 invidiam

138 393 422 448 postmodum,
443 391 646 431 frustrato
668 390 859 430 fidelium
890 389 1122 439 conamine,
1145 404 1230 429 non
1262 395 1533 444 recuperata!

139 460 235 510 Vae,
257 461 444 514 inquam,
469 457 731 512 generationi
761 471 984 511 perversae,
1015 472 1090 511 per
1116 472 1243 510 quam
1268 458 1422 497 nostris
1451 459 1538 499 die—

136 528 217 568 bus
238 526 430 567 scandala
451 524 610 565 mundo
631 530 749 563 tanta
769 538 919 564 venere
938 525 947 564 ῑ
1011 523 1142 564 Porro
1164 524 1274 564 sicut
1293 531 1404 564 terra
1424 539 1538 565 sacra

137 600 345 634 retroacto
366 592 524 647 pluries
546 598 749 645 tempore,
773 591 912 630 divina
938 591 1213 645 permittente
1230 591 1413 644 justitia,
1435 607 1537 645 gen-

137 661 279 702 tilium
317 658 605 700 invasionibus
643 665 707 698 est
745 659 1033 712 prophanata3
1072 658 1342 712 postmodum
1377 666 1534 709 autem,

137 728 278 768 divina
311 727 523 768 arridente
556 725 791 774 clementia,
820 740 896 779 per
925 725 1070 766 fideles
1102 732 1371 779 recuperata3
1404 727 1461 767 sic
1493 735 1536 768 et

134 795 288 835 nostris
308 795 473 835 utinam
494 792 770 847 temporibus,
795 792 898 842 Qui,
921 792 1104 847 peccatis
1124 793 1389 845 urgentibus,
1408 809 1422 848 J
1431 795 1535 834 usti-

135 862 240 903 tiam
279 861 487 911 exercuit,
520 861 680 914 pietate
718 875 802 914 qua
839 860 1090 914 praeeminet
1124 867 1168 900 et
1206 860 1535 900 misericordiam

135 929 380 970 exercebit!
444 927 643 968 Summus
665 934 807 968 autem
827 927 1026 981 pontifex
1047 942 1122 981 per
1136 927 1281 975 varias,
1304 927 1432 967 immo
1446 928 1535 968 fere

135 1003 307 1037 cunctas
347 995 460 1036 orbis
498 994 725 1034 Christiani
765 1001 919 1048 partes,
951 1009 1036 1034 non
1074 995 1261 1034 indebite
1296 995 1441 1035 fideles
1483 996 1534 1035 ad

136 1070 261 1103 terrae
301 1077 430 1103 sacrae
471 1061 794 1101 subventionem
834 1061 989 1101 litteris
1029 1077 1074 1102 ac
1114 1061 1281 1101 nunciis
1324 1063 1533 1104 invitavit.

119 1129 262 1170 'Unde
295 1136 337 1170 et
376 1129 553 1177 litteras,
589 1143 692 1181 quas
728 1128 771 1168 in
804 1128 1005 1181 Angliam
1046 1135 1146 1169 tunc
1187 1128 1424 1178 destinavit,
1465 1130 1533 1170 hie

135 1197 313 1237 insertas
331 1196 465 1236 lector
485 1195 684 1236 inveniet.

730 1329 837 1369 CAP.
871 1329 950 1371 IV.

134 1429 307 1470 Litterae
345 1430 563 1470 Clementis
595 1443 721 1484 papae
753 1430 809 1469 ad
840 1430 1137 1470 subventionem
1159 1430 1403 1483 faciendam
1422 1429 1534 1482 fide-

776 1497 891 1537 libus.

192 1600 204 1618 ‘
220 1596 436 1637 CLEMENs
453 1596 706 1651 Episcopus,
722 1611 864 1637 servus
881 1612 1095 1638 servorum
1109 1597 1208 1646 Dei,
1222 1597 1533 1638 venerabilibus
1551 1613 1750 1655 nriefofrope

133 1664 336 1704 fratribus
373 1663 614 1704 Cantuariae
651 1663 997 1718 Archiepiscopo‚
1032 1672 1075 1705 et
1111 1664 1386 1718 suffraganeis
1426 1665 1530 1718 ejus,
1551 1648 1748 1705 ξᾹῗὲιῗᾞῑῇξῙ

132 1731 312 1771 salutem
333 1738 376 1771 et
395 1730 668 1784 apostolicam
688 1730 866 1771 benedic
874 1731 1044 1771 tionem.
1550 1713 1710 1739 Jemffllem'

192 1802 204 1820 ‘
223 1797 365 1840 Quam
384 1797 519 1851 gravis
539 1804 583 1837 et
606 1797 819 1837 horribilis
840 1797 1144 1850 persecutionis
1165 1798 1377 1838 calamitas
1399 1798 1443 1837 in
1465 1797 1533 1837 Ie-

133 1864 430 1905 rosolimitanis
444 1864 651 1918 partibus,
668 1864 956 1904 communium
979 1872 1243 1918 peccatorum
1257 1864 1531 1905 multitudine

132 1932 330 1982 faciente,
351 1945 488 1985 nuper
507 1930 729 1985 ingruerit,
752 1937 843 1971 tum
865 1946 920 1970 ex
944 1931 1035 1985 ipsa
1055 1932 1274 1972 atrocitate
1295 1932 1397 1972 facti
1419 1932 1534 1984 quod

127 2000 216 2053 jam
237 1999 348 2039 fama
362 1999 694 2052 circumquaque
707 1998 917 2052 dispersit,
937 2005 1029 2039 tum
1048 1999 1176 2039 etiam
1194 2014 1250 2039 ex
1269 1999 1422 2038 litteris
1437 2014 1533 2051 quae

132 2081 209 2120 per
238 2066 420 2107 diversas
450 2072 591 2120 partes
622 2080 749 2120 super
780 2065 860 2105 hoc
893 2065 1008 2106 fuere
1041 2066 1309 2115 transmissae,
1332 2065 1535 2106 universi-

132 2139 264 2173 tatem
282 2140 465 2173 vestram
499 2131 736 2186 [censemus
768 2131 871 2185 non]
904 2133 1110 2186 ignorare.
1174 2132 1358 2173 Interest
1392 2140 1535 2173 autem

132 2200 194 2240 rei
213 2200 398 2254 publicae
415 2199 668 2240 Christianae
691 2206 741 2239 ut
753 2200 805 2239 ad
826 2200 1148 2240 subventionem
1168 2200 1335 2240 illarum
1348 2200 1534 2253 partium

133 2274 220 2308 tam
239 2268 419 2321 majores
439 2266 709 2307 ecclesiarum
728 2267 909 2320 praelati,
925 2281 1053 2320 quam
1074 2267 1200 2308 etiam
1221 2267 1417 2315 minores,
1439 2266 1535 2306 dili-

132 2334 251 2388 genti
281 2334 565 2374 sollicitudine
597 2341 738 2388 partes
771 2348 865 2373 suas
890 2334 1072 2373 fideliter
1103 2334 1338 2388 imponant.
1401 2334 1468 2373 Ne
1499 2333 1531 2372 si

131 2401 241 2441 forte
257 2400 320 2440 illi
337 2407 460 2440 terrae
479 2407 688 2454 oportuna
706 2414 790 2440 non
802 2400 933 2440 fuerit
949 2400 1163 2441 celeritate
1181 2402 1448 2449 subventum,
1469 2400 1532 2440 Is-

131 2467 276 2508 maelis
303 2467 376 2507 illa
396 2467 556 2507 servilis
583 2482 629 2507 ac
660 2467 883 2520 nephanda
908 2468 1145 2521 progenies,
1169 2483 1266 2522 quae
1290 2469 1380 2522 jam
1401 2467 1532 2521 coepit

130 2535 174 2575 in
195 2535 353 2576 eisdem
384 2535 578 2588 partibus
607 2534 864 2588 peculiarem
887 2534 1165 2575 hereditatem
1199 2534 1374 2575 Domini
1401 2534 1532 2574 hosti-

130 2602 228 2643 liter
250 2601 459 2651 dmnoliri,
481 2601 635 2641 virium
656 2616 826 2641 suarum
847 2601 1016 2642 interim
1037 2609 1312 2656 augmentum
1333 2609 1530 2650 assumat,

132 2675 176 2709 et
204 2669 249 2709 in
279 2684 355 2709 sua
380 2668 612 2723 praevalens
633 2669 832 2718 vanitate,
855 2675 1001 2709 contra
1031 2669 1170 2710 filium
1202 2670 1365 2718 liberae,
1388 2669 1534 2709 videli-

132 2743 199 2776 cet
221 2735 523 2785 Christianum,
547 2736 661 2789 quod
693 2736 816 2784 absit,
839 2735 1080 2776 calcaneum
1113 2737 1363 2777 insolentius
1385 2736 1531 2788 erigat,
