1908 3135
162 1460 284 1485 Richard
297 1460 353 1486 for-

162 1495 239 1518 sakes
252 1494 296 1518 his

159 1527 254 1557 father,
270 1530 298 1551 to

160 1560 255 1589 league
267 1560 337 1584 him-

161 1593 212 1616 self
221 1593 285 1616 with

162 1625 258 1657 Philip.

382 276 396 313 1
412 275 464 314 10
798 288 1038 320 GIRALDUS
1073 290 1375 323 CAMBRENSIS

376 398 451 437 per
480 385 704 426 custodum
724 386 912 440 ipsorum
942 389 1227 442 proditionem
1259 393 1513 444 occupasse.¹
1575 390 1656 431 Cui
1677 406 1773 431 cum

375 452 597 505 presbyter
621 453 916 494 consolationis
946 456 1073 495 verba
1106 456 1262 497 referre
1291 464 1489 511 parasset,
1525 457 1719 512 protinus
1751 473 1775 498 a

377 518 571 559 thalamis
591 520 644 559 ad
663 520 802 560 aulam
824 521 925 561 Rex
947 522 1093 563 exivit.

435 585 557 626 Circa
610 586 702 627 haec
755 588 900 628 eadem
950 596 1140 643 tempora
1178 590 1241 630 vir
1290 591 1428 631 bonus
1476 599 1519 632 et
1558 592 1773 632 litteratus

374 652 481 692 hanc
531 652 576 692 in
627 654 782 694 somnis
835 669 978 695 vocem
1028 657 1201 706 audivit,
1245 658 1408 707 “Vide,
1457 659 1557 712 leye,
1600 659 1673 698 lzoc
1723 658 1772 697 de

374 720 526 772 re9e;''
559 727 601 760 et
628 721 823 761 deorsum
853 722 1037 771 intuens,
1075 725 1182 764 vidit
1211 725 1291 765 hoc
1327 726 1531 779 scriptum
1565 726 1609 765 in
1645 732 1772 774 terra,

375 787 587 841 “Siquam
626 803 755 827 meum
798 789 947 829 levavit
986 805 1109 844 super
1145 806 1200 840 se,
1233 798 1272 831 et
1314 799 1552 832 tormentum
1588 794 1775 847 portabit

373 855 416 894 in
457 861 651 894 tormento
664 873 679 902 ,·
728 862 869 895 venter
890 858 995 896 enim
1036 859 1177 897 umoris
1224 860 1310 911 ejus
1347 860 1584 899 intumescet
1631 866 1773 899 contra

374 921 502 960 eum.’'
540 921 599 961 Et
636 921 763 974 paulo
799 928 907 974 post,
956 926 983 944 “
1005 923 1218 964 Velabitur
1252 940 1341 964 cum
1390 926 1576 965 velatis.”
1656 926 1772 967 Finis

373 994 514 1028 autem
549 987 720 1027 visionis
755 987 883 1042 hujus
914 989 1042 1030 finem
1074 989 1206 1044 Regis
1240 1007 1525 1033 aerumnosum
1557 1000 1600 1033 et
1634 994 1775 1048 sepul-

373 1061 482 1094 turae
504 1054 643 1095 locum
665 1054 911 1108 designavit,
935 1056 1045 1096 sicut
1065 1057 1109 1096 in
1131 1059 1409 1112 sequentibus
1429 1060 1568 1114 palam
1590 1061 1704 1101 erim

989 1191 1095 1232 CAP.
1130 1192 1190 1233 X.

373 1289 442 1328 De
489 1288 641 1328 Comite
684 1288 941 1329 Pictaviensz·
988 1291 1177 1331 Bit-ardo
1221 1307 1246 1331 α
1282 1298 1411 1346 patre
1446 1293 1680 1344 dissociato,
1717 1295 1773 1334 ad

784 1356 940 1409 Reyem
961 1357 1153 1397 Francia?
1169 1373 1369 1399 converso.

439 1453 540 1493 CUM
554 1460 694 1494 autem
709 1454 761 1494 ad
776 1462 947 1508 portum
963 1455 1073 1505 inde,
1091 1457 1165 1510 qui
1184 1457 1338 1497 Portus
1352 1472 1396 1497 os
1412 1458 1479 1498 vel
1497 1462 1584 1498 ora³
1601 1460 1769 1510 dicitur,

384 1520 693 1575 [pervenisset,]
717 1529 905 1562 matrona
942 1523 1138 1577 quaedam
1170 1524 1338 1573 nobilis,
1362 1525 1431 1564 cui
1462 1540 1615 1566 nomen
1653 1527 1770 1568 Mar-

377 1595 520 1642 gareta
541 1588 591 1627 de
614 1588 783 1637 Bohun,
807 1604 830 1628 a
849 1589 1092 1644 longinquis
1113 1591 1233 1644 regni
1254 1591 1410 1632 finibus
1432 1593 1482 1632 ad
1500 1593 1639 1647 ipsum
1656 1595 1771 1635 veni-

377 1670 464 1703 ens,
486 1661 582 1709 post
603 1662 740 1695 cetera
760 1656 895 1696 multa
916 1658 1084 1697 tandem
1106 1673 1202 1698 eum
1224 1658 1267 1698 in
1288 1658 1380 1698 haec
1400 1660 1527 1700 verba
1548 1661 1769 1702 convenit:

377 1725 403 1742 ‘⁶
422 1721 606 1761 Domine
629 1721 701 1770 mi,
724 1737 945 1777 nunquam
978 1724 1028 1764 de
1061 1731 1173 1765 statu
1194 1731 1332 1765 vestro
1364 1732 1530 1766 tantum
1562 1735 1769 1781 quantum

374 1803 486 1827 nunc
509 1788 702 1828 timorem
733 1791 918 1845 concepi.
981 1791 1033 1831 In
1052 1792 1271 1832 retroactis
1291 1793 1447 1833 etenim
1469 1795 1630 1834 cunctis
1651 1811 1769 1849 quae-

375 1869 541 1908 cunque
562 1855 683 1894 nobis
712 1856 937 1898 adversitas
971 1859 1192 1908 acciderat,
1217 1875 1381 1913 semper
1415 1868 1589 1902 eventus
1610 1870 1769 1903 vestros

374 1921 523 1975 populi
537 1922 777 1963 benedictio
792 1926 1056 1975 secundavit;
1080 1941 1191 1966 nunc
1204 1934 1360 1976 autem,
1377 1929 1491 1981 quod
1505 1929 1649 1969 dolens
1663 1930 1769 1980 dico,

376 1988 417 2027 in
440 1989 697 2029 contrarium
726 1991 875 2032 cedit.'’
944 1994 1004 2034 Et
1025 2009 1120 2034 cum
1152 1994 1407 2035 decimarum
1436 1996 1700 2037 exactionem
1725 1998 1770 2038 in

376 2073 499 2098 causa
519 2058 648 2098 fuisse
670 2074 795 2112 super
815 2059 893 2100 hoc
914 2060 1133 2113 inquirens
1155 2060 1255 2100 Rex
1277 2062 1476 2111 audisset,
1491 2063 1552 2103 ira
1568 2070 1707 2104 motus
1728 2071 1771 2105 et

373 2124 661 2178 indignatione
691 2127 922 2179 respondit,
957 2130 983 2147 ‘⁶
1004 2127 1104 2166 Sine
1131 2142 1255 2167 causa
1283 2128 1468 2181 populus
1488 2129 1567 2169 iste
1587 2145 1770 2184 nequam

372 2191 598 2232 maledicit.
660 2191 727 2231 De
765 2199 904 2232 cetero
931 2208 1029 2233 vero
1062 2208 1147 2233 non
1183 2194 1270 2234 sine
1310 2209 1445 2244 causa,
1468 2196 1500 2235 si
1538 2196 1686 2237 vixero
1726 2205 1769 2239 et

372 2257 509 2297 redire
530 2259 714 2307 valuero,
736 2273 803 2298 me
832 2259 1093 2299 maledicet.”
1154 2260 1367 2300 Dominus
1396 2268 1539 2302 autem
1572 2264 1646 2316 qui
1681 2279 1767 2304 non

373 2324 507 2364 solum
527 2326 654 2366 verba
673 2340 818 2365 verum
850 2326 976 2365 etiam
997 2332 1209 2366 scrutatur
1229 2334 1272 2367 et
1291 2328 1429 2377 corda,
1463 2330 1662 2382 quoniam
1683 2346 1767 2371 non

372 2391 501 2431 habet
521 2399 695 2433 eventus
716 2393 882 2433 sordida
913 2393 1058 2447 praeda
1086 2394 1234 2443 bonos,
1266 2409 1342 2448 per
1363 2395 1623 2450 inopinatam
1640 2399 1767 2451 paulo

372 2465 467 2510 post
487 2459 870 2514 interemptionem,
893 2467 935 2500 et
956 2475 1169 2500 enormem
1194 2461 1402 2516 judicavit
1422 2464 1700 2514 exactionem,
1725 2474 1767 2507 et

372 2526 562 2565 acerbam
581 2527 746 2567 evacuit
778 2527 1160 2569 comminationem.
1222 2529 1336 2569 Mari
1368 2545 1550 2585 namque
1583 2533 1764 2584 Gallico,

421 2655 429 2673 ¹
456 2655 576 2688 Mense
607 2655 721 2698 Junio,
752 2668 805 2690 an.
836 2660 933 2699 1188,
955 2658 1035 2691 Phi-
1105 2660 1187 2692 with
1217 2672 1310 2693 some
1337 2662 1513 2696 variation.
1563 2663 1725 2707 Annales,
1744 2665 1766 2698 s.

372 2699 483 2745 lippus
522 2701 897 2747 Castellum-Radulphi
936 2716 1034 2737 occu-
1104 2707 1183 2749 370,
1202 2706 1235 2739 b.

372 2747 475 2790 pavit.
526 2747 693 2791 Bouquet.
1149 2753 1162 2773 ³
1187 2753 1240 2786 Sc.
1261 2753 1491 2787 Portsmouth.

417 2792 429 2810 ²
456 2792 625 2826 Narrated
671 2793 741 2827 also
782 2794 827 2838 by
869 2794 1032 2828 Hoveden
