1908 3135
507 190 570 222 DE
605 188 960 222 INSTRUCTIONE
996 190 1279 223 PRINCIPUM.
1510 186 1528 222 1
1538 186 1587 224 51

193 288 327 338 Deus,
349 289 407 329 sic
428 296 471 330 et
500 289 610 329 mala
630 303 935 343 nonnunquam
968 289 1080 329 idem
1103 288 1217 343 quod
1240 288 1373 329 Deus.
1436 289 1591 331 Nonne

192 356 326 410 igitur
348 357 468 411 quasi
490 357 540 397 de
567 372 616 397 eo
637 356 842 411 scriptum
873 357 917 396 in
950 356 1118 397 Psalmo
1138 356 1329 396 videtur:
1363 356 1592 398 Bsinorasti

191 424 275 463 dies
313 426 508 478 temporis
546 424 646 478 ejnS,
671 425 901 479 perfudisti
932 439 1020 465 eum
1051 424 1299 477 cmzj'usione.
1361 423 1421 463 Et
1461 424 1588 466 alibi:

200 491 292 531 Viri
327 492 570 545 sanyuinum
610 498 650 532 et
679 491 807 532 dolosi
838 506 915 532 non
946 492 1221 531 dimidiabant
1251 491 1338 531 dies
1366 505 1470 531 suos.
1532 492 1592 533 Et

188 558 323 599 illud:
373 559 478 599 Noli
515 559 703 599 (emulari
753 560 797 598 in
843 558 1175 612 maliynantibuS,
1230 573 1358 612 neque
1398 558 1591 599 zelaveris

179 627 388 678 facientes
409 626 685 680 iniquitatem.
752 624 956 670 Quoniam
987 631 1188 680 tanquam
1208 626 1364 678 faenam
1398 626 1592 666 velociter

191 699 390 742 arescent,
424 699 464 733 et
495 693 827 747 quemadmodum
862 692 977 733 olera
1013 693 1231 733 herbarum
1267 694 1347 733 cito
1387 693 1589 734 decident.

192 759 251 800 Et
284 760 417 801 illud:
459 761 498 801 V
494 761 555 801 z'dz·
594 762 726 814 ipcum
763 760 1121 814 supereoealtatum
1161 767 1199 800 et
1247 761 1447 801 elevatum
1486 763 1592 801 sicut

190 827 329 867 cedros
350 827 521 869 Libani.
581 829 644 868 Et
666 829 854 877 transivi,
878 834 917 867 et
943 841 1034 868 ecce
1058 842 1136 868 non
1157 834 1262 878 erat,
1286 834 1324 868 et
1344 843 1421 868 non
1443 834 1503 868 est
1530 830 1592 868 in-

189 901 332 934 ventas
353 895 463 935 locus
485 896 582 948 ejus.
643 895 704 936 Et
724 895 854 936 illud:
894 895 931 935 V
928 896 1034 935 irum
1066 896 1262 949 injustum
1283 896 1394 936 mala
1425 897 1591 950 capient

190 962 232 1002 in
247 963 431 1004 interitu.
494 963 605 1004 Item
628 970 670 1003 et
689 963 733 1003 id
753 962 975 1004 Jeremiae:
1012 962 1221 1003 Clamavit
1234 963 1403 1017 perdioe,
1427 978 1592 1016 conqre-

184 1031 318 1084 9avit,
342 1036 381 1070 et
402 1031 515 1082 fovit
536 1031 642 1084 qnod
662 1045 739 1070 non
762 1031 932 1084 peperit
950 1047 960 1080 3
979 1031 1090 1083 fecit
1110 1030 1294 1080 divitias,
1317 1037 1356 1070 ct
1392 1045 1469 1070 non
1502 1045 1591 1070 cnm

125 1128 129 1131 Α
179 1098 358 1150 judicio.
426 1098 481 1138 In
513 1098 683 1138 dimidio
715 1097 873 1137 dierum
906 1098 991 1151 ejus
1024 1097 1308 1151 derelinquent
1343 1112 1431 1138 eccm
1471 1103 1509 1137 et
1547 1098 1590 1136 in

187 1165 414 1205 novissimis
427 1165 511 1205 suis
525 1166 605 1205 erit
618 1165 828 1218 insipiens.
872 1163 998 1205 Unde
1014 1165 1248 1218 Gregorius
1263 1164 1307 1204 in
1321 1164 1560 1205 Moralibus
1579 1182 1587 1204 :

190 1235 217 1254 “
238 1232 449 1273 Ordinans
469 1247 545 1271 nos
568 1232 702 1280 Deus,
719 1232 849 1286 juxta
868 1231 1019 1271 merita
1039 1231 1303 1284 singulorum
1317 1231 1526 1285 disposuit
1547 1238 1590 1271 et

187 1298 432 1339 terminum.
472 1298 536 1339 Ut
556 1298 621 1338 vel
637 1298 773 1338 malus
792 1297 975 1338 breviter
995 1298 1122 1346 vivat,
1136 1313 1189 1338 ne
1211 1298 1406 1352 pluribus
1424 1305 1588 1347 noceat,

187 1365 254 1406 vel
274 1366 413 1406 bonus
429 1365 590 1406 diutius
606 1365 731 1415 vivat,
749 1372 798 1406 ut
818 1364 1013 1419 pluribus
1033 1365 1189 1419 prosit3
1212 1365 1278 1406 vel
1295 1379 1440 1405 rursus
1456 1366 1590 1406 malus

189 1433 368 1483 diutius,
389 1440 440 1474 ut
471 1433 582 1473 mala
601 1440 754 1486 augeat
790 1433 946 1487 quibus
966 1432 1068 1472 boni
1088 1433 1337 1487 probentur,
1358 1433 1424 1474 vel
1453 1434 1590 1474 bonus

189 1501 315 1541 eitius
346 1501 634 1550 subtrahatur,
657 1515 723 1549 ne,
746 1500 780 1540 si
812 1500 974 1540 diutius
994 1500 1120 1549 vivat,
1142 1500 1305 1540 malitia
1334 1509 1588 1555 corrumpat.

185 1568 246 1609 Et
266 1574 457 1610 mutatur
478 1568 688 1609 sententia
709 1568 807 1618 Dei,
830 1568 902 1609 sed
923 1582 1009 1608 non
1030 1567 1250 1608 consilium
1270 1569 1518 1609 aeternum.’'

715 1703 820 1744 CAP.
856 1702 1063 1744 XXVII.

189 1804 257 1844 De
290 1804 446 1858 ori-qim
468 1809 551 1842 tam
585 1803 716 1857 Reqz's
752 1802 931 1842 Henrici
962 1817 1083 1857 qnam
1110 1801 1317 1843 Alienorae
1342 1803 1514 1857 Reqinae
1547 1810 1587 1844 et

454 1870 597 1910 radice
613 1869 804 1923 filiorum
825 1870 930 1909 omni
952 1875 1142 1923 exparte
1167 1871 1327 1911 vitiosa.

246 1970 318 2011 UT
350 1977 494 2011 autem
527 1976 612 2010 tam
643 1969 774 2023 patris
807 1984 933 2023 quam
970 1968 1155 2009 filiorum
1195 1969 1339 2010 exitus
1378 1970 1586 2011 infaustos

188 2038 327 2079 minus
359 2038 410 2078 de
443 2044 583 2078 cetero
618 2037 750 2077 lector
786 2037 1025 2090 obstupeat,
1049 2037 1099 2076 de
1135 2036 1296 2090 origine
1331 2038 1518 2092 ipsorum
1545 2046 1587 2078 et

187 2105 418 2161 propagine
459 2105 655 2159 quaedam
696 2112 739 2145 et
777 2104 846 2144 hic
901 2118 1114 2158 apponere
1156 2104 1331 2157 dignum
1371 2105 1586 2146 duximus.

190 2174 317 2214 Pater
346 2173 490 2226 itaque
528 2172 709 2227 Reginae
743 2171 977 2221 Alienorae,
1015 2171 1165 2212 Comes
1198 2172 1469 2222 PiCtavensis,
1513 2173 1588 2226 qui

188 2255 367 2281 uxorem
388 2239 664 2280 Vicecomitis
686 2239 736 2278 de
757 2237 1159 2287 Castello-Haroldi,
1182 2238 1364 2278 hominis
1386 2239 1465 2288 sui,
1489 2254 1586 2292 quae

189 2306 465 2347 Mauberium
488 2306 600 2346 dicta
622 2305 722 2354 fuit,
739 2305 780 2345 vi
800 2305 956 2358 rapuit,
976 2313 1019 2344 et
1040 2305 1222 2344 abduxit
1243 2312 1285 2345 et
1307 2306 1357 2345 de
1374 2306 1485 2346 facto
1508 2307 1587 2346 sibi

186 2375 230 2415 in
251 2375 475 2429 conjugem
497 2373 654 2414 duxit.¹
715 2372 796 2413 Vir
817 2380 958 2412 autem
981 2372 1118 2412 bonus
1135 2380 1179 2413 et
1195 2380 1363 2413 sanctus
1384 2373 1589 2414 heremita

188 2442 374 2497 quidam,
406 2442 571 2490 missus,
592 2448 642 2480 ut
673 2440 935 2488 credebatur,
956 2455 979 2479 a
1000 2439 1202 2490 Domino,
1224 2441 1424 2481 accedens
1446 2441 1589 2481 statim

185 2510 238 2550 ad
276 2509 415 2564 ipsum
450 2507 670 2563 prohibuit
702 2521 757 2547 ex
792 2514 911 2561 parte
945 2506 1043 2555 Dei,
1078 2522 1121 2547 se
1154 2508 1353 2548 nuntium
1384 2509 1436 2548 ad
1467 2508 1545 2548 hoc
1567 2523 1589 2547 a

236 2626 243 2644 ¹
274 2625 347 2658 The
382 2625 556 2669 depravity
589 2623 627 2656 of
668 2622 735 2656 this
776 2622 856 2655 Earl
889 2628 891 2635 ’
924 2628 1013 2655 rates
1032 2621 1099 2655 this
1124 2622 1369 2656 circumstance
1398 2629 1431 2656 at
1461 2630 1591 2667 greater

183 2672 334 2714 justifies
353 2683 413 2704 our
436 2670 588 2704 anthor’s
606 2669 748 2702 remark.
794 2668 857 2701 Sec
925 2668 1056 2713 length.

190 2717 347 2751 &Villiarn
367 2717 405 2750 of
425 2716 673 2760 Muhnesbury,
692 2715 766 2748 who
786 2727 859 2749 nar-

1606 1992 1657 2016 His
1671 1999 1729 2016 racc

1603 2025 1704 2050 vicious
1717 2025 1772 2050 and

1603 2062 1721 2090 corrupt.
