1908 3135
178 1594 271 1624 Henry
282 1592 303 1616 is
314 1592 378 1616 shut

177 1634 214 1658 up
228 1626 255 1650 in
269 1625 342 1655 Azai,

176 1659 229 1683 and
242 1658 361 1690 compel-

175 1691 220 1716 led
233 1695 260 1716 to
279 1699 326 1716 sue
339 1691 380 1716 for

176 1733 265 1757 peace.

396 264 478 303 140
812 273 1051 306 G1RALDUS
1086 273 1384 305 CAMBRENSIS

394 386 479 425 quo
500 373 658 426 majora
688 372 867 413 adhibeo
888 372 1080 426 fiagella.’
1095 372 1115 387 '⁹
1174 372 1235 412 Et
1255 373 1335 412 alia
1356 373 1544 427 ejusdem
1576 371 1788 426 expositio

393 455 519 494 super
540 441 720 481 eundem
738 441 901 481 locum:
937 444 963 461 ‘⁶
982 440 1097 482 Quia
1118 440 1275 480 frustra
1294 440 1481 494 percussi
1496 455 1581 489 vos,
1605 438 1790 492 discipli„

391 522 488 547 nam
506 523 593 547 non
612 508 844 562 recepistis.
907 506 1040 547 Zelus
1072 522 1190 547 meus
1220 508 1381 548 recedit
1410 523 1434 547 a
1453 507 1586 555 vobis,
1609 520 1694 545 non
1726 513 1789 546 est

390 575 703 615 firmamentum
734 576 778 615 in
798 576 921 629 plaga
953 575 1140 615 eorum.”
1200 575 1311 616 Item
1345 582 1388 615 et
1419 575 1524 614 illud
1559 574 1785 614 Jeremiae:

393 646 417 664 ‘⁴
436 642 631 682 Percussi
648 657 717 682 eos
731 650 774 683 et
790 658 875 682 non
889 642 1158 683 doluerunt.”
1189 643 1249 683 Et
1262 642 1369 682 illud
1386 641 1643 696 Hieronymi
1664 656 1790 695 super

390 709 502 749 hunc
542 710 681 749 locum
722 709 868 758 Amos,
912 712 939 730 “
954 709 1066 749 Dedi
1102 709 1219 749 vobis
1259 716 1476 763 stuporem
1515 708 1708 762 gentium
1746 707 1790 747 in

392 777 555 818 cunctis
585 777 764 817 urbibus
792 776 954 824 vestris,
989 782 1032 816 et
1062 776 1298 830 indigentia
1333 790 1491 830 panum
1512 775 1556 814 in
1595 775 1790 815 omnibus

390 845 492 885 locis
517 844 680 892 vestris,
709 850 753 883 et
782 858 866 883 non
895 843 995 883 estis
1030 844 1185 883 reversi
1216 844 1267 882 ad
1300 858 1382 891 me,
1402 842 1504 882 dicit
1537 842 1789 882 Dominus.”

393 912 547 951 Glosa:
574 914 601 932 “
620 909 680 950 Et
712 925 809 950 cum
840 910 931 949 haec
954 910 1094 950 omnia
1118 925 1201 949 non
1229 925 1305 963 pro
1328 909 1591 957 crudelitate,
1622 909 1694 948 sed
1714 924 1791 962 pro

392 978 649 1018 correctione
670 984 807 1017 vestra
828 976 1025 1025 facerem,
1046 983 1139 1016 tum
1160 991 1245 1016 non
1268 976 1368 1016 estis
1401 975 1596 1015 correcti.
1658 975 1793 1015 Juxta

392 1045 498 1085 illud
518 1045 543 1084 J
546 1045 713 1084 eremiae
731 1061 739 1084 :
775 1048 785 1064 ‘
802 1044 976 1084 Frustra
997 1044 1185 1098 percussi
1199 1043 1309 1084 filios
1331 1050 1504 1093 vestros,
1528 1042 1791 1097 disciplinam

392 1128 476 1152 non
496 1112 776 1166 1·eceperunt.'
791 1111 811 1126 ”

949 1247 1056 1287 CAP.
1081 1246 1236 1287 XXV.

390 1348 458 1387 De
480 1348 576 1387 urbe
602 1347 827 1387 Taronensi
848 1361 873 1385 α
894 1347 1072 1386 Francis
1107 1352 1322 1399 occupata,
1342 1351 1381 1384 et
1399 1346 1514 1399 Reye
1533 1345 1714 1386 Hemico
1745 1347 1789 1385 in

449 1415 642 1468 oppidulo
659 1415 708 1454 de
723 1414 806 1453 Azzss
822 1414 1021 1463 concluso,
1037 1420 1076 1453 et
1086 1428 1167 1467 per
1180 1414 1370 1453 ultionem
1385 1419 1425 1452 et
1439 1415 1558 1467 quasi
1560 1414 1787 1466 fallaciam

448 1482 647 1521 divinitus
667 1482 808 1521 datam
831 1487 1027 1534 tanquam
1049 1481 1104 1519 ad
1124 1481 1368 1520 deditionem
1390 1481 1622 1533 compulso}

454 1581 687 1623 CESSANTE
726 1597 825 1622 vero
861 1582 1031 1621 demum
1070 1580 1417 1635 persequentium
1467 1580 1669 1620 instantia
1715 1595 1792 1634 per

397 1649 573 1690 Comitis
595 1649 870 1690 Pictaviensis
900 1663 1055 1697 casum,
1079 1663 1190 1701 equo
1224 1648 1413 1702 ejusdem
1444 1646 1617 1687 militari
1648 1647 1792 1688 lancea

394 1717 596 1771 perfOSSO‚
630 1717 730 1757 Rex
767 1723 889 1757 nocte
923 1717 1070 1756 eadem
1103 1731 1145 1756 se
1182 1715 1295 1768 apud
1325 1714 1539 1754 Frenellas
1573 1715 1791 1768 suscepit,²

396 1793 438 1824 et
472 1799 593 1824 mane
629 1783 920 1836 Andegaviam
958 1783 1055 1823 inde
1091 1781 1298 1823 transivit.
1376 1779 1609 1821 Exercitus
1648 1789 1791 1822 autem

394 1851 604 1901 adversus,
662 1852 948 1892 Cenomannia
999 1851 1187 1898 subacta,
1243 1848 1385 1888 statim
1438 1848 1670 1889 Turoniam
1720 1865 1792 1903 ag-

393 1919 598 1971 greditur,
622 1926 665 1959 et
699 1919 885 1959 nobilem
924 1919 1075 1958 urbem
1098 1916 1295 1965 Turonis,
1323 1922 1525 1968 tanquam
1556 1916 1601 1955 in
1626 1916 1792 1970 impetu

394 1986 549 2026 furoris
579 1987 794 2027 fortunam
826 2002 980 2040 urgens
1026 1992 1068 2025 et
1114 1983 1373 2025 successibus
1413 1983 1587 2033 instans,
1624 1984 1792 2024 armatis

394 2053 508 2093 illico
528 2053 688 2093 viribus
711 2052 986 2107 expugnavit.

454 2120 536 2160 His
574 2120 719 2173 itaque
758 2119 992 2173 completis,
1034 2124 1204 2171 sumpto
1243 2117 1355 2157 inter
1398 2116 1541 2169 Reges
1580 2117 1792 2171 colloquio

397 2202 481 2227 non
509 2186 656 2240 procul
688 2187 739 2226 ab
775 2184 980 2239 oppidulo
1003 2183 1220 2231 Turoniae,
1253 2182 1321 2222 cui
1351 2197 1505 2221 nomen
1542 2190 1631 2222 erat
1666 2184 1792 2233 Azai,

396 2254 502 2294 feria
522 2255 576 2308 vj.
601 2253 701 2293 Rex
732 2252 984 2306 Anglorum,
1017 2251 1164 2290 eodem
1196 2264 1280 2303 quo
1308 2249 1530 2289 convenire
1562 2249 1797 2291 debuerant

399 2321 465 2361 die
501 2321 614 2374 apud
636 2320 760 2369 Azai,
793 2319 1008 2359 lethaliter
1039 2324 1164 2357 acuta
1190 2317 1299 2357 febri
1335 2323 1554 2370 correptus
1585 2317 1797 2358 accubuit.

399 2389 656 2429 Francorum
678 2394 821 2427 autem
843 2386 944 2426 Rex
965 2392 1008 2425 et
1031 2385 1181 2425 Comes
1204 2383 1406 2424 Pictaviae
1429 2383 1527 2423 huic
1560 2383 1800 2424 infirmitati

400 2455 526 2495 fidem
554 2470 637 2494 non
669 2454 886 2502 habentes,
910 2452 1145 2507 quinimmo
1166 2451 1307 2492 fictam
1340 2451 1483 2504 potius
1519 2465 1593 2490 seu
1626 2451 1798 2491 frustra-

401 2522 564 2569 toriam,
612 2521 735 2560 solito
778 2520 967 2574 ejusdem
1008 2519 1059 2559 de
1099 2533 1229 2566 more,
1265 2523 1482 2571 putantes,
1520 2517 1565 2557 in
1615 2518 1796 2558 crastino

403 2588 606 2642 oppidum
646 2587 897 2641 praedictum
938 2587 1098 2627 viribus
1139 2585 1355 2625 immensis
1396 2584 1587 2638 undique
1628 2585 1797 2624 conclu-

451 2708 459 2727 ¹
488 2708 560 2741 The
592 2706 792 2740 transcriber
824 2706 884 2739 has
925 2706 1066 2738 omitted
1097 2706 1103 2768 ι
1135 2705 1348 2738 S.J0hannis
1367 2704 1568 2750 Ba.ptistae.'’
1604 2705 1709 2749 (June
1724 2705 1797 2749 23)

405 2755 462 2787 the
481 2754 602 2787 rubrio.
1138 2751 1305 2795 Bouquct.

451 2801 462 2818 ²
488 2802 590 2833 nm.
612 2801 709 2840 1189,
730 2798 842 2842 vigilia
869 2798 1069 2831 Nativitatis
1100 2773 1106 2835 l
