1908 3135
379 267 461 306 150
787 271 1028 304 GIRALDUS
1063 269 1360 303 CAMBRENSIS

378 373 606 414 debuisset.
669 370 770 413 Quo
814 370 914 410 licet
949 369 1075 418 facto,
1114 368 1300 420 fictoque
1335 365 1466 418 magis
1500 378 1627 417 quam
1660 362 1772 402 facto

379 440 523 480 osculo
563 439 674 487 dato,
720 437 798 477 hoc
841 436 992 477 Comes
1041 435 1087 475 in
1127 434 1310 474 discessu
1344 433 1520 472 verbum
1566 445 1590 470 a
1638 437 1771 483 patre,

381 520 623 561 quanquam
663 503 842 544 demissa
876 517 977 543 voce
1015 501 1242 556 prolatum,
1283 499 1463 539 audivit:
1497 497 1773 550 “Nunquam

380 588 447 613 me
483 571 694 612 Dominus
727 570 835 611 mori
871 569 1105 624 permittat,
1143 568 1275 608 donec
1311 566 1479 620 dignam
1513 564 1617 604 mihi
1645 564 1695 603 de
1733 570 1774 602 te

381 639 609 681 vindictam
649 635 905 691 accepero!”
964 635 1026 676 Et
1065 633 1122 675 sic
1172 649 1196 674 a
1243 640 1377 674 castro
1429 632 1579 673 Comes
1629 630 1777 670 exiens

382 707 642 759 modumque
665 703 899 745 concordiae
936 703 1048 743 inter
1082 701 1222 756 ipsum
1256 707 1299 741 et
1332 707 1495 754 patrem
1515 698 1700 739 referens
1730 711 1777 736 ac

383 775 511 815 verba
554 771 788 826 sequentia,
811 770 1010 825 grandem
1031 769 1289 810 Francorum
1311 767 1423 821 Regi
1457 773 1500 807 et
1535 765 1665 806 curiae
1697 763 1778 805 toti

385 841 516 882 risum
536 840 694 894 pariter
715 845 757 878 et
778 837 1098 878 admirationem
1119 835 1336 876 excitavit.

444 907 526 948 His
565 905 697 959 igitur
736 904 779 944 in
819 903 932 943 hunc
971 902 1144 943 modum
1196 900 1356 942 exactis
1403 900 1457 940 ad
1511 898 1778 939 Chinonense

387 979 570 1014 castrum
598 987 640 1011 se
663 971 764 1011 Rex
795 970 949 1011 deferri
970 969 1096 1018 fecit3
1124 968 1209 1009 -ubi
1239 967 1519 1008 invalescente
1539 965 1780 1005 valetudine

386 1041 493 1081 feria
528 1039 690 1093 quinta,
724 1044 768 1078 et
799 1051 822 1078 a
854 1052 940 1091 quo
974 1036 1178 1076 decubuit
1208 1035 1279 1089 vij.
1313 1034 1381 1074 die
1411 1033 1620 1081 videlicet,
1654 1047 1781 1086 quem

387 1106 551 1162 physici
573 1105 765 1145 criticum
781 1111 945 1152 vocant,
960 1103 1144 1143 letaliter
1165 1108 1397 1155 correthS,
1415 1100 1507 1141 haec
1522 1099 1782 1153 ingeminan-

389 1175 442 1215 do
455 1175 583 1214 immo
600 1172 923 1226 multiplicando
940 1171 1079 1220 verba,
1098 1185 1194 1225 quae
1215 1170 1264 1210 de
1285 1167 1460 1222 reliquis
1480 1167 1783 1221 cogitationum

390 1241 655 1282 vehementia
691 1247 775 1280 tam
809 1238 946 1279 morbi
980 1253 1106 1292 quam
1142 1237 1297 1278 doloris
1330 1235 1486 1290 pariter
1518 1242 1562 1275 et
1593 1234 1783 1288 indigna-

391 1308 519 1349 tionis
554 1307 748 1355 extorsit,
781 1305 997 1360 (quoniam
1040 1320 1095 1345 ex
1132 1303 1389 1344 abundantia
1427 1302 1560 1342 cordis
1592 1316 1636 1342 os
1667 1301 1785 1355 loqui

392 1375 529 1428 solet,)
549 1375 662 1414 Proh
684 1374 823 1428 pudor
843 1373 892 1413 de
913 1373 1028 1426 Refse
1044 1373 1150 1412 victo
1164 1376 1182 1412 !
1199 1371 1305 1425 prole
1330 1370 1498 1424 pudor!
1519 1369 1562 1409 in
1584 1368 1786 1409 extremis

392 1441 613 1483 laboravit.
675 1441 735 1482 Et
774 1440 832 1481 sic
873 1440 1043 1480 demum
1082 1439 1194 1479 inter
1244 1451 1499 1478 aerumnosas
1545 1435 1787 1490 hujusmodi

392 1524 527 1558 voceS,
563 1507 746 1562 propriae
781 1521 922 1561 praeco
957 1505 1231 1554 confusionis,
1268 1503 1490 1558 expiravit,
1525 1503 1787 1556 obrutusque

395 1576 526 1630 magis
555 1583 598 1616 et
629 1588 852 1628 oppressus
884 1587 1006 1626 quam
1040 1571 1223 1612 naturali
1253 1579 1387 1612 morte
1408 1571 1553 1611 finitus
1575 1570 1787 1610 occubuit.

397 1643 469 1683 Ex
491 1658 575 1696 quo
595 1648 713 1695 patet
735 1641 849 1694 quod
871 1646 1030 1693 quanto
1055 1638 1188 1693 [quis]
1218 1638 1410 1679 secundis
1440 1638 1565 1678 altius
1587 1637 1788 1685 elevatur,

398 1716 515 1750 tanto
548 1708 828 1762 impetuosius
861 1708 913 1747 ad
949 1706 1082 1747 imum
1106 1706 1371 1755 demittitur3
1406 1712 1651 1759 quantoque
1671 1719 1791 1744 arcus

398 1777 529 1830 magis
567 1783 680 1816 retro
716 1781 927 1823 curvatur,
962 1780 1081 1814 tanto
1118 1774 1269 1827 sagitta
1311 1773 1461 1814 fortius
1497 1773 1542 1812 in
1581 1771 1791 1812 anteriora

398 1843 664 1898 propellitur.
726 1842 853 1882 Unde
881 1841 925 1881 in
946 1841 1055 1881 libro
1077 1840 1247 1894 Regum
1282 1839 1470 1881 invenies
1497 1847 1540 1880 et
1560 1854 1582 1879 a
1604 1839 1790 1879 Domino

399 1912 586 1951 dictum:
641 1909 883 1962 Quicunque
927 1908 1229 1962 ylorg'fi'eaverit
1274 1922 1350 1957 me,
1398 1907 1637 1962 ylorifieabo
1688 1921 1790 1946 eum.

405 1977 490 2022 Qui
525 1984 659 2017 aulem
680 1982 1019 2025 contemnentme,
1042 1981 1159 2015 ermzt
1181 1975 1389 2029 iynobileS.
1450 1974 1562 2015 Item
1583 1981 1627 2014 et
1647 1973 1793 2014 Eccle-

401 2045 591 2093 siastic03
624 2045 819 2084 Facienti
849 2043 1137 2097 nequissimum
1169 2043 1395 2092 consiliam,
1422 2057 1545 2095 saper
1576 2041 1694 2080 illam
1726 2040 1794 2080 de-

401 2112 596 2159 volvetur,
620 2116 659 2150 et
687 2125 764 2149 non
786 2115 974 2163 agmoscet
994 2109 1099 2148 unde
1120 2110 1254 2148 veniet
1284 2109 1365 2148 illi.
1426 2109 1486 2149 Et
1516 2108 1644 2162 paulo
1673 2114 1790 2160 post:

402 2179 572 2231 Laqueo
582 2178 791 2230 peribant,
809 2177 1064 2215 oblectantur
1077 2189 1173 2214 casu
1180 2177 1402 2228 justorum,
1417 2175 1531 2214 dolor
1552 2180 1686 2214 autem
1702 2189 1795 2214 eon-

404 2250 532 2284 sumet
562 2244 655 2283 illos
686 2249 905 2296 antequam
935 2243 1176 2282 moriantur.
1253 2242 1502 2282 Notandum
1531 2241 1610 2281 hoc
1636 2248 1794 2289 autem,

405 2313 520 2366 quod
560 2325 803 2365 quanquam
842 2310 1005 2351 ultione
1046 2310 1186 2350 divina
1224 2310 1269 2350 in
1307 2310 1438 2364 patris
1470 2309 1702 2364 perniciem
1737 2309 1797 2348 ita

403 2379 479 2419 filii
510 2378 773 2426 desaevirent,
794 2384 935 2417 tamen
955 2377 1103 2417 eodem
1134 2377 1273 2417 ultore
1310 2378 1384 2430 qui
1418 2392 1494 2417 nec
1514 2378 1675 2417 bonum
1695 2377 1797 2416 irre-

402 2452 684 2494 muneratum,
706 2460 783 2485 nec
803 2445 961 2484 malum
981 2444 1186 2498 relinquit
1206 2445 1466 2499 inpunitum,
1488 2444 1651 2498 privata
1682 2451 1797 2498 post-

401 2513 574 2552 modum
605 2512 834 2552 eorundem
864 2512 1056 2551 voluntas
1087 2518 1150 2552 est
1179 2512 1343 2566 punita.
1405 2511 1541 2551 Juxta
1571 2511 1701 2551 illud:
1735 2511 1798 2550 Et

405 2579 547 2618 reddet
569 2579 634 2618 illi
659 2578 927 2618 hereditatem
952 2579 1144 2631 ipsoram,
1169 2579 1212 2618 in
1239 2579 1405 2619 malitia
1437 2593 1571 2618 eorum
1594 2577 1801 2631 disperdet

404 2660 482 2693 eos,
505 2644 712 2698 disperdet
743 2644 834 2683 illos
864 2645 1065 2684 Dominus
1092 2646 1207 2685 Deus
1234 2652 1383 2686 noster.
1443 2645 1598 2685 Divina
1618 2658 1800 2697 namque

404 2712 595 2752 voluntas
617 2726 691 2764 per
712 2711 840 2750 malas
862 2711 1074 2751 interdum
1096 2712 1314 2752 hominum
1329 2712 1566 2753 voluntates
1587 2711 1800 2765 impletur.

406 2779 521 2821 Quia
542 2779 650 2818 sicut
672 2777 899 2830 aliquando
932 2778 1041 2818 bona
1076 2779 1292 2820 voluntate
1321 2779 1525 2833 adimplet
1546 2779 1672 2818 homo
1705 2792 1801 2831 quae
