1908 3135
334 280 388 326 70
746 295 984 328 GIRALDUS
1019 296 1317 330 GAMBRENSIS

328 391 550 433 industriae
570 392 682 433 bona
701 400 888 435 mentem
907 395 1015 435 bene
1037 397 1312 450 compositam
1335 396 1479 437 audita
1500 395 1723 443 delectant,

330 459 389 499 sic
414 459 590 500 recitata
619 460 740 500 bonis
768 461 976 501 contraria
1004 476 1089 502 non
1119 462 1347 504 offendent.
1409 462 1495 502 Sed
1526 461 1725 516 quoniam

327 527 457 581 juxta
488 526 829 581 philosophicum
863 527 984 578 illud,
1013 528 1155 569 Colere
1175 530 1321 583 officiis
1350 534 1521 583 oportet,
1548 543 1627 568 non
1656 542 1727 567 em-

333 607 528 646 asperare
548 594 680 632 verbis
702 599 979 647 potestatem;
1003 601 1047 635 et
1080 595 1189 636 illud
1219 596 1448 636 comicum:
1485 595 1728 649 Obsequium

336 660 498 709 amicos,
521 660 674 699 veritas
702 660 837 700 odium
864 662 1016 714 parit‚·
1045 661 1292 703 meticulosa
1324 662 1525 703 nimirum
1554 677 1620 702 res
1648 667 1726 710 est,

337 726 604 779 quantalibet
620 726 835 767 occasione
856 727 899 767 in
916 728 1038 768 illum
1054 729 1247 783 allegare,
1266 730 1340 784 qui
1359 736 1502 784 potest
1517 729 1702 782 relegare
1717 745 1726 778 3

337 793 516 833 arduum
555 807 661 846 opus
698 800 742 833 et
789 794 1073 848 periculosum
1120 797 1253 850 magis
1291 812 1418 850 quam
1463 796 1728 836 fructuosum

336 859 510 913 arripui,
547 859 691 900 multis
736 860 858 900 illum
893 862 1032 902 verbis
1072 863 1321 913 describere,
1358 864 1433 918 qui
1472 878 1558 904 uno
1589 868 1731 917 potest

334 927 463 966 verbo
496 926 771 979 proscribere.
848 927 1097 968 Gratiosum
1131 930 1290 984 quippe
1324 930 1449 980 foret,
1487 936 1531 970 et
1568 936 1730 970 nostras

334 992 459 1046 longe
473 992 582 1032 vires
603 993 827 1038 excedens,
844 994 1067 1035 veritatem
1087 995 1131 1036 in
1153 996 1328 1051 singulis
1347 1012 1433 1037 non
1453 997 1730 1051 supprimere,

340 1066 384 1099 et
403 1059 448 1099 in
468 1059 587 1099 nullo
610 1066 751 1099 tamen
773 1059 982 1116 Principis
1001 1061 1188 1102 animum
1210 1077 1472 1118 exasperare.

394 1126 500 1167 Erat
519 1125 652 1179 igitur
673 1126 912 1180 Anglorum
934 1128 1036 1168 Rex
1057 1128 1271 1170 Henricus
1291 1131 1531 1180 secundus‚¹
1552 1130 1615 1170 vir
1635 1131 1734 1170 sub-

338 1193 493 1242 rufus,2
509 1193 674 1244 caesius,
697 1194 836 1248 amplo
857 1195 992 1249 capite
1025 1203 1068 1237 et
1102 1197 1299 1248 rotundo,
1323 1199 1454 1239 oculis
1487 1198 1646 1252 glaucis
1681 1198 1734 1238 ad

338 1260 442 1300 iram
464 1259 593 1300 torvis
614 1267 657 1300 et
676 1261 830 1301 rubore
852 1262 1035 1311 suffusis,
1053 1263 1159 1303 facie
1179 1264 1316 1318 ignea,
1333 1280 1432 1305 voce
1451 1280 1612 1320 quassa,
1628 1264 1734 1305 collo

340 1327 392 1367 ab
442 1326 631 1367 humeris
684 1327 998 1381 aliquantulum
1048 1330 1242 1380 demisso,
1289 1339 1459 1386 pectore
1513 1332 1733 1386 quadram,

340 1393 521 1434 brachiis
543 1393 706 1443 validis,
738 1409 911 1449 corpore
949 1410 1134 1446 carnOSO,
1167 1404 1210 1438 et
1243 1405 1407 1439 naturae
1440 1399 1571 1453 magis
1608 1414 1735 1452 quam

340 1460 453 1514 gulae
476 1460 593 1510 vitio,
615 1461 720 1502 citra
748 1469 959 1502 tumorem
989 1478 1204 1505 enormem
1234 1471 1278 1505 et
1307 1472 1520 1520 torporem
1553 1482 1733 1516 omnem,

340 1528 556 1568 moderata
590 1528 770 1581 quadam
801 1528 1122 1571 immoderantia
1152 1538 1299 1572 ventre
1338 1533 1569 1588 peramplo.
1631 1533 1737 1574 Erat

339 1595 452 1636 enim
481 1595 574 1635 cibo
605 1602 801 1649 potuque
835 1596 1049 1637 modestus
1081 1612 1128 1638 ac
1160 1599 1338 1649 sobrius,
1371 1607 1415 1640 et
1448 1601 1734 1655 parcimoniae,

341 1663 481 1716 quoad
501 1662 685 1716 principi
717 1662 852 1712 licuit,
874 1678 950 1717 per
969 1665 1108 1705 omnia
1129 1665 1250 1706 datus
1268 1683 1276 1716 ;
1311 1673 1354 1707 et
1374 1674 1423 1708 ut
1441 1667 1549 1708 hanc
1569 1675 1735 1708 naturae

339 1729 538 1783 injuriam
587 1729 798 1769 industria
846 1730 1095 1784 reprimeret
1143 1746 1190 1772 ac
1239 1733 1467 1787 mitigaret,
1515 1735 1736 1788 carnisque

340 1796 494 1836 vitium
515 1795 644 1836 animi
664 1795 822 1836 virtute
843 1796 1013 1847 levaret,
1030 1798 1143 1838 bello
1164 1800 1390 1854 plusquam
1409 1802 1611 1842 intestino
1632 1809 1738 1842 tam-

343 1877 470 1916 quam
504 1863 548 1902 in
583 1877 627 1902 se
659 1863 882 1917 conjurans
915 1864 1192 1907 immoderata
1222 1882 1374 1921 corpus
1397 1869 1621 1910 vexatione
1652 1876 1738 1910 tor-

344 1930 515 1983 quebat.
577 1929 690 1969 Nam
719 1937 876 1984 praeter
910 1931 1121 1973 bellorum
1152 1940 1342 1988 tempora
1363 1950 1460 1989 quae
1492 1936 1738 1990 frequenter

343 1996 634 2045 imminebant,
655 1997 770 2049 quod
800 1998 926 2038 rebus
962 2000 1136 2052 agendis
1163 2008 1394 2055 supererat,
1417 2003 1490 2044 vix
1521 2004 1565 2044 id
1595 2004 1739 2045 tantil-

343 2063 434 2102 lum
465 2062 601 2116 quieti
623 2063 761 2103 dabat.
813 2063 934 2104 Pacis
966 2080 1138 2119 quoque
1169 2074 1372 2121 tempore,
1394 2069 1473 2109 sibi
1496 2086 1572 2111 nec
1592 2086 1738 2125 pacem

345 2129 475 2169 ullam
508 2143 587 2169 nec
622 2129 815 2182 requiem
849 2130 1123 2185 indulgebat3
1165 2134 1377 2174 venationi
1411 2151 1592 2190 namque
1625 2145 1739 2178 trans

344 2195 592 2235 modestiam
624 2195 804 2245 deditus,
838 2211 1001 2238 summo
1035 2199 1222 2240 diluculo
1260 2216 1370 2255 equo
1405 2218 1574 2244 cursore
1606 2210 1739 2245 trans-

343 2269 500 2311 vectus,
522 2276 634 2302 nunc
664 2263 794 2303 saltus
825 2262 1020 2314 lustrans,
1048 2280 1160 2306 nunc
1192 2267 1327 2321 sylvas
1357 2277 1595 2323 penetrans,
1626 2287 1738 2312 nunc

343 2329 554 2369 montium
606 2329 712 2383 juga
766 2331 1078 2382 transcendens,
1128 2333 1216 2373 dies
1263 2335 1445 2376 ducebat
1493 2337 1738 2391 inquietos3

344 2411 515 2450 vespere
541 2410 638 2436 vero
668 2396 841 2437 domum
870 2405 1102 2452 receptum,
1125 2400 1191 2440 vel
1221 2408 1319 2441 ante
1350 2417 1514 2444 coenam
1534 2405 1600 2446 vel
1629 2413 1740 2460 post,

344 2462 552 2502 rarissime
603 2462 819 2502 sedentem
870 2465 1154 2518 conspexeris.
1228 2466 1333 2509 Post
1373 2476 1509 2511 tantas
1557 2486 1739 2527 namque

393 2575 401 2593 ¹
430 2575 512 2608 This
569 2574 773 2619 description
827 2577 865 2609 of
916 2577 1011 2621 King
1080 2580 1174 2614 tion:
1215 2583 1234 2600 “
1248 2581 1430 2616 Subrufum
1463 2584 1625 2619 hactenus
1653 2588 1741 2621 exti-

348 2620 466 2665 Hem-y
485 2621 513 2653 is
536 2621 671 2664 quoted,
690 2621 771 2653 with
794 2633 888 2654 some
907 2624 1009 2656 omis·
1081 2625 1163 2658 tisse
1192 2628 1361 2671 noveritis,
1393 2630 1458 2663 nisi
1488 2631 1565 2675 quia
1594 2632 1739 2667 colorem

346 2666 447 2709 sions,
466 2666 512 2711 by
529 2665 620 2698 John
646 2666 743 2709 Ross,
764 2667 856 2701 Hist.
875 2668 959 2712 ch.
978 2681 1011 2713 p.
1081 2670 1170 2704 hunc
1190 2674 1388 2708 venerabilis
1406 2682 1561 2709 senectus
1575 2684 1607 2710 et
1625 2690 1741 2724 super--

349 2715 425 2745 143·
1082 2717 1218 2750 veniens
1247 2720 1388 2754 canities
1417 2722 1663 2766 aliquantulum
1692 2725 1740 2758 al-

393 2757 405 2775 ²
430 2757 529 2790 Peter
574 2758 612 2790 of
656 2757 764 2799 Blois,
798 2758 872 2791 who
906 2766 1009 2793 wrote
1081 2763 1239 2797 teravit.”
1267 2765 1318 2799 ΙΙ).

345 2803 447 2836 about
475 2803 573 2845 1177,
592 2802 674 2836 adds
704 2809 738 2836 to
764 2804 831 2837 this
863 2804 1010 2850 descrip—
