1908 3135
500 209 562 240 DE
597 205 951 239 INSTRUCTIONE
988 203 1273 236 PRINCIPUM.
1500 195 1519 232 1
1530 195 1582 233 55

184 317 227 350 et
266 309 536 364 postmodum
588 307 631 347 in
668 306 1013 347 Wintoniensem
1054 304 1343 358 episcopatum
1384 310 1447 343 est
1491 318 1586 356 pro-

182 379 354 426 inotus,²
377 377 501 430 eique
522 376 649 416 verba
680 389 778 428 quae
811 373 891 414 sibi
920 373 1009 412 filio
1041 371 1218 412 dicenda
1253 377 1374 425 pater
1410 370 1586 424 injunx-

184 451 288 494 erat,
316 443 499 484 fideliter
541 441 847 497 proposuisset,
883 440 1071 493 totisque
1101 438 1264 479 nisibus
1296 445 1345 478 ut
1375 444 1586 477 revocaret

184 513 236 553 ad
274 519 438 566 patrem
478 510 628 559 filium,
663 509 737 562 qui
778 508 890 562 Regi
931 508 1190 548 Francorum
1226 505 1271 545 in
1306 505 1418 545 dicta
1455 519 1587 544 werra

184 579 362 619 firmiter
396 578 644 625 adhaeserat,
678 575 816 615 verbis
847 574 1044 614 suasoriis
1080 574 1153 613 sed
1191 588 1276 613 non
1315 571 1586 626 persuasoriis

184 645 448 694 intendisset,
471 644 642 685 tandem
674 642 813 682 dictus
836 641 1002 691 Comes,
1026 640 1101 694 qui
1121 640 1184 681 vir
1215 647 1305 680 erat
1331 640 1516 693 prudens
1545 646 1587 678 ct

186 713 390 767 eloquens
411 712 544 761 valde,
568 718 734 751 torvum
755 717 805 750 ut
825 709 1048 751 videbatur
1069 708 1107 748 ei
1130 708 1400 762 praetendens
1421 706 1587 747 vultum

186 788 230 821 et
270 780 396 820 verba
431 779 651 828 minantia,
711 782 738 800 “
762 777 941 827 Miror,”
978 776 1133 830 inquit,
1168 779 1195 797 “
1217 791 1316 829 quae
1358 773 1587 822 temeritas,

189 863 286 902 quae
327 854 368 888 te
408 862 600 901 praeceps
640 852 684 886 et
731 844 971 885 inconsulta
1009 843 1206 884 voluntas
1256 842 1300 882 111
1341 849 1493 882 terram
1542 855 1589 880 ac

188 922 443 971 potestatem
489 930 640 963 meam,
677 913 729 953 ad
766 928 832 952 me
880 918 965 952 tam
1005 910 1282 965 pertinaciter
1330 909 1590 949 exheredan-

190 983 306 1032 dum,
347 982 431 1022 hue
471 979 686 1022 advexit.”
766 979 920 1020 Dictus
964 986 1107 1019 autem
1148 977 1323 1018 clericus
1361 991 1507 1017 verens
1548 982 1591 1015 et

190 1051 243 1091 ad
284 1050 376 1090 haec
411 1050 539 1091 verba
577 1048 811 1102 plurimum
842 1046 1104 1087 verecundus
1144 1045 1344 1093 existens,
1382 1058 1478 1084 eum
1527 1058 1591 1083 re-

191 1118 441 1172 spondisset,
484 1123 527 1156 et
581 1115 854 1156 assertionem
901 1119 1160 1154 sacramento
1204 1110 1506 1166 proposuisset,
1548 1126 1590 1150 se

191 1192 367 1240 propter
401 1184 605 1224 honorem
635 1182 768 1236 ipsius
802 1187 982 1229 tantum,
1013 1187 1055 1220 et
1085 1195 1169 1219 non
1204 1185 1378 1232 propter
1411 1178 1592 1217 dedecus

192 1260 267 1293 aut
303 1253 518 1300 damnum,
559 1250 661 1289 illuc
701 1248 947 1298 advenisse3
992 1247 1143 1287 Comes
1179 1247 1349 1286 demum
1388 1251 1589 1297 tanquam

195 1319 376 1374 aenigma
402 1318 501 1359 dicti
535 1316 738 1357 sermonis
771 1330 1004 1370 exponens,
1027 1314 1110 1355 ait:
1144 1317 1171 1335 ‘⁶
1187 1312 1400 1366 Nunquid
1425 1312 1592 1365 ignoras

192 1387 273 1428 hoc
311 1385 561 1426 naturaliter
600 1383 821 1438 proprium
861 1389 904 1422 et
944 1381 1065 1436 quasi
1107 1381 1205 1435 jure
1245 1378 1500 1420 hereditario
1540 1377 1592 1417 ab

195 1455 282 1495 avis
313 1460 357 1494 et
396 1453 526 1494 atavis
565 1451 744 1492 insitum
784 1458 828 1490 et
866 1449 1087 1498 insertum,
1125 1454 1174 1488 ut
1204 1446 1346 1487 nullus
1378 1461 1434 1486 ex
1473 1445 1593 1485 nobis

195 1522 376 1562 alterum
396 1520 559 1574 diliget,
575 1519 648 1559 sed
668 1526 718 1559 ut
737 1532 903 1572 semper
922 1516 1051 1557 frater
1071 1516 1259 1563 fratrem,
1281 1513 1395 1553 filius
1416 1520 1592 1566 patrem,

195 1597 239 1629 et
276 1604 298 1628 e
340 1587 517 1636 diverso,
560 1585 661 1626 totis
700 1584 866 1624 nisibus
914 1583 1114 1623 infestare
1155 1581 1413 1622 contendat?
1492 1579 1594 1619 Noli

196 1670 295 1709 ergo
325 1655 404 1695 hoc
431 1655 527 1708 jure
558 1660 701 1693 nostro
732 1651 989 1691 hereditario
1018 1665 1094 1690 nos
1125 1649 1303 1704 privare,
1333 1663 1410 1688 nee
1440 1647 1596 1687 frustra

196 1729 246 1763 ut
296 1728 491 1762 naturam
528 1720 717 1774 expellas
757 1717 1012 1758 elaborare.’'
1090 1717 1217 1757 Unde
1259 1715 1441 1769 qualiter
1485 1714 1596 1754 Nor-

198 1789 382 1830 mannici
416 1788 598 1842 tyranni,
630 1802 708 1827 nec
745 1785 996 1826 naturaliter
1030 1799 1108 1825 nee
1139 1783 1343 1837 legitime,
1373 1782 1446 1822 sed
1477 1781 1596 1834 quasi

198 1872 273 1912 per
311 1857 515 1910 hysteron
554 1862 754 1909 proteron
806 1853 850 1892 in
888 1851 1027 1892 insula
1058 1858 1261 1905 occupata
1300 1856 1595 1903 regnaverunt,

198 1931 375 1979 propter
416 1923 530 1977 quod
570 1929 613 1962 et
651 1920 775 1975 pauci
816 1934 961 1960 eorum
1001 1919 1067 1959 vel
1114 1918 1223 1958 nulli
1261 1918 1345 1959 fine
1394 1916 1596 1957 laudabili

200 1992 492 2039 decesserunt3
527 1988 710 2043 qualiter
727 1994 813 2027 tam
835 1986 969 2040 Regis
985 1985 1163 2026 Henrici
1183 1985 1310 2040 primi
1332 1999 1456 2038 quam
1473 1984 1598 2024 etiam

201 2065 244 2099 et
264 2057 437 2098 secundi
458 2057 609 2096 fratres
644 2069 729 2094 non
761 2053 1028 2093 dimidiantes
1060 2052 1147 2092 dies
1178 2067 1275 2092 suos
1304 2051 1600 2091 miserabiliter

199 2124 521 2174 interierunt32
576 2121 759 2177 qualiter
817 2120 946 2161 etiam
1001 2119 1134 2173 Regis
1194 2118 1372 2159 Henriei
1426 2117 1601 2158 secundi

200 2193 280 2233 filii
318 2193 362 2232 in
401 2198 566 2246 patrem
606 2188 865 2229 unanimiter
899 2187 1181 2240 insurgentes,
1214 2186 1454 2240 ipsumque,
1491 2185 1600 2225 sieut

197 2261 286 2315 jam
308 2259 469 2299 dictum
491 2264 567 2306 est,
590 2270 726 2309 usque
747 2255 799 2294 ad
829 2260 1008 2293 mortem
1029 2261 1346 2307 persequentes,
1369 2252 1596 2292 vindictam

203 2327 406 2368 divinitus
444 2324 646 2364 inflictam
679 2322 763 2362 cito
801 2321 956 2361 sublati
988 2321 1040 2360 de
1070 2320 1210 2360 medio
1241 2335 1325 2359 non
1361 2327 1595 2367 evaserunt,

202 2394 323 2448 (quia
359 2392 461 2432 licet
500 2405 646 2431 eorum
687 2389 796 2429 actio
835 2388 944 2428 forte
986 2387 1082 2427 Deo
1121 2386 1340 2440 placuerit,
1382 2386 1456 2439 qui
1495 2385 1598 2439 ipsis

203 2461 406 2501 utebatur
453 2457 630 2498 ultionis
673 2470 762 2495 suae
813 2462 1017 2508 tanquam
1075 2453 1382 2501 instrumentis,
1437 2452 1597 2506 privata

203 2529 364 2581 absque
405 2525 535 2566 dubio
573 2523 708 2564 modis
748 2521 943 2562 omnibus
981 2520 1161 2561 intentio
1202 2519 1434 2574 displicuit,
1471 2535 1598 2573 quam

204 2596 331 2637 etiam
370 2593 565 2634 similiter
620 2605 696 2631 suo
744 2590 790 2629 in
822 2596 1012 2644 tempore
1049 2588 1158 2628 ultio
1199 2588 1340 2628 divina
1389 2588 1598 2642 punivit);

207 2663 403 2717 qualiter,
456 2661 644 2714 inquam,
685 2658 778 2698 haec
819 2656 985 2710 singula
1036 2662 1333 2710 provenerunt,
1384 2661 1425 2694 et
1474 2669 1599 2707 quem

300 2751 310 2770 ¹
339 2749 378 2782 In
400 2750 498 2782 1159.
552 2746 605 2779 He
624 2744 702 2778 died
720 2745 753 2777 in
774 2747 872 2777 1204.
991 2745 996 2787 Ι
1111 2746 1122 2762 ²
1147 2744 1209 2776 See
1228 2742 1349 2783 before,
1369 2754 1399 2786 p.
1422 2744 1496 2775 153.
