<?xml version="1.0" encoding="UTF-8"?>
<!DOCTYPE html PUBLIC "-//W3C//DTD XHTML 1.0 Transitional//EN"
    "http://www.w3.org/TR/xhtml1/DTD/xhtml1-transitional.dtd">
<html xmlns="http://www.w3.org/1999/xhtml" xml:lang="en" lang="en">
 <head>
  <title>
</title>
<meta http-equiv="Content-Type" content="text/html;charset=utf-8" />
  <meta name='ocr-system' content='tesseract 3.04.00' />
  <meta name='ocr-capabilities' content='ocr_page ocr_carea ocr_par ocr_line ocrx_word'/>
</head>
<body>
  <div class='ocr_page' id='page_1' title='image "./giralduscambrens03girauoft_0072.png"; bbox 0 0 1908 3135; ppageno 0'>
   <div class='ocr_carea' id='block_1_1' title="bbox 364 292 1346 331">
    <p class='ocr_par' dir='ltr' id='par_1_1' title="bbox 364 292 1346 331">
     <span class='ocr_line' id='line_1_1' title="bbox 364 292 1346 331; baseline -0.001 0"><span class='ocrx_word' id='word_1_1' title='bbox 364 292 417 331; x_wconf 81' lang='grc'>32</span> <span class='ocrx_word' id='word_1_2' title='bbox 775 299 1013 331; x_wconf 82' lang='lat' dir='ltr'>GIRALDUS</span> <span class='ocrx_word' id='word_1_3' title='bbox 1048 299 1346 331; x_wconf 79' lang='lat' dir='ltr'>eAMBRENSIs</span> 
     </span>
    </p>
   </div>
   <div class='ocr_carea' id='block_1_2' title="bbox 354 399 1759 2124">
    <p class='ocr_par' dir='ltr' id='par_1_2' title="bbox 354 399 1759 2124">
     <span class='ocr_line' id='line_1_2' title="bbox 362 399 1757 455; baseline -0.002 -14"><span class='ocrx_word' id='word_1_4' title='bbox 362 415 439 455; x_wconf 91' lang='lat' dir='ltr'>pro</span> <span class='ocrx_word' id='word_1_5' title='bbox 471 408 594 455; x_wconf 87' lang='lat' dir='ltr'>patre</span> <span class='ocrx_word' id='word_1_6' title='bbox 626 400 862 454; x_wconf 88' lang='lat' dir='ltr'>patriaque,</span> <span class='ocrx_word' id='word_1_7' title='bbox 897 399 965 439; x_wconf 90' lang='lat' dir='ltr'>hic</span> <span class='ocrx_word' id='word_1_8' title='bbox 1002 413 1100 440; x_wconf 93' lang='lat' dir='ltr'>vero</span> <span class='ocrx_word' id='word_1_9' title='bbox 1136 413 1358 453; x_wconf 88' lang='lat' dir='ltr'>pravorum</span> <span class='ocrx_word' id='word_1_10' title='bbox 1397 399 1586 448; x_wconf 86' lang='lat' dir='ltr'>consilio,</span> <span class='ocrx_word' id='word_1_11' title='bbox 1632 399 1757 452; x_wconf 89' lang='lat' dir='ltr'>(proh</span> 
     </span>
     <span class='ocr_line' id='line_1_3' title="bbox 365 465 1755 522; baseline -0.002 -14"><span class='ocrx_word' id='word_1_12' title='bbox 365 468 483 508; x_wconf 89' lang='lat' dir='ltr'>dolor</span> <span class='ocrx_word' id='word_1_13' title='bbox 502 468 530 522; x_wconf 90' lang='lat'>!)</span> <span class='ocrx_word' id='word_1_14' title='bbox 554 483 576 508; x_wconf 93' lang='lat' dir='ltr'>e</span> <span class='ocrx_word' id='word_1_15' title='bbox 598 474 742 508; x_wconf 86' lang='lat' dir='ltr'>contra</span> <span class='ocrx_word' id='word_1_16' title='bbox 761 466 972 507; x_wconf 82' lang='lat' dir='ltr'>militavit.</span> <span class='ocrx_word' id='word_1_17' title='bbox 1016 466 1112 506; x_wconf 89' lang='lat' dir='ltr'>Hoc</span> <span class='ocrx_word' id='word_1_18' title='bbox 1134 481 1268 506; x_wconf 89' lang='lat' dir='ltr'>unum</span> <span class='ocrx_word' id='word_1_19' title='bbox 1285 467 1323 506; x_wconf 89' lang='lat' dir='ltr'>ei</span> <span class='ocrx_word' id='word_1_20' title='bbox 1336 473 1483 507; x_wconf 90' lang='lat' dir='ltr'>votum</span> <span class='ocrx_word' id='word_1_21' title='bbox 1501 474 1543 506; x_wconf 91' lang='lat' dir='ltr'>et</span> <span class='ocrx_word' id='word_1_22' title='bbox 1561 465 1755 506; x_wconf 88' lang='lat' dir='ltr'>desiderii</span> 
     </span>
     <span class='ocr_line' id='line_1_4' title="bbox 363 533 1759 590; baseline -0.001 -14"><span class='ocrx_word' id='word_1_23' title='bbox 363 542 490 590; x_wconf 90' lang='lat' dir='ltr'>eaput</span> <span class='ocrx_word' id='word_1_24' title='bbox 504 535 717 583; x_wconf 80' lang='lat' dir='ltr'>extiterat,</span> <span class='ocrx_word' id='word_1_25' title='bbox 733 541 863 575; x_wconf 89' lang='lat' dir='ltr'>tantae</span> <span class='ocrx_word' id='word_1_26' title='bbox 878 533 1141 574; x_wconf 80' lang='lat' dir='ltr'>strenuitatis</span> <span class='ocrx_word' id='word_1_27' title='bbox 1150 534 1399 574; x_wconf 81' lang='lat' dir='ltr'>exercendae</span> <span class='ocrx_word' id='word_1_28' title='bbox 1412 534 1643 582; x_wconf 82' lang='lat' dir='ltr'>materiam,</span> <span class='ocrx_word' id='word_1_29' title='bbox 1656 540 1759 574; x_wconf 92' lang='lat' dir='ltr'>tam-</span> 
     </span>
     <span class='ocr_line' id='line_1_5' title="bbox 363 600 1758 657; baseline -0.002 -14"><span class='ocrx_word' id='word_1_30' title='bbox 363 618 489 657; x_wconf 83' lang='lat' dir='ltr'>quam</span> <span class='ocrx_word' id='word_1_31' title='bbox 510 602 651 642; x_wconf 83' lang='lat' dir='ltr'>Julius</span> <span class='ocrx_word' id='word_1_32' title='bbox 671 601 790 651; x_wconf 90' lang='lat' dir='ltr'>alter,</span> <span class='ocrx_word' id='word_1_33' title='bbox 813 608 856 642; x_wconf 91' lang='lat' dir='ltr'>et</span> <span class='ocrx_word' id='word_1_34' title='bbox 884 608 1049 654; x_wconf 85' lang='lat' dir='ltr'>tempus</span> <span class='ocrx_word' id='word_1_35' title='bbox 1070 600 1236 654; x_wconf 83' lang='lat' dir='ltr'>assequi</span> <span class='ocrx_word' id='word_1_36' title='bbox 1263 615 1399 654; x_wconf 90' lang='lat' dir='ltr'>posse,</span> <span class='ocrx_word' id='word_1_37' title='bbox 1425 616 1511 654; x_wconf 90' lang='lat' dir='ltr'>quo</span> <span class='ocrx_word' id='word_1_38' title='bbox 1533 600 1611 641; x_wconf 91' lang='lat' dir='ltr'>viri</span> <span class='ocrx_word' id='word_1_39' title='bbox 1624 601 1758 641; x_wconf 87' lang='lat' dir='ltr'>virtus</span> 
     </span>
     <span class='ocr_line' id='line_1_6' title="bbox 363 667 1755 723; baseline -0.002 -13"><span class='ocrx_word' id='word_1_40' title='bbox 363 670 487 723; x_wconf 81' lang='lat' dir='ltr'>digne</span> <span class='ocrx_word' id='word_1_41' title='bbox 508 669 687 710; x_wconf 87' lang='lat' dir='ltr'>valuerit</span> <span class='ocrx_word' id='word_1_42' title='bbox 708 668 881 709; x_wconf 84' lang='lat' dir='ltr'>enitere.</span> <span class='ocrx_word' id='word_1_43' title='bbox 942 670 955 692; x_wconf 82' lang='lat'>¹</span> <span class='ocrx_word' id='word_1_44' title='bbox 973 667 1045 707; x_wconf 92' lang='lat' dir='ltr'>Ad</span> <span class='ocrx_word' id='word_1_45' title='bbox 1069 667 1148 707; x_wconf 89' lang='lat' dir='ltr'>hoc</span> <span class='ocrx_word' id='word_1_46' title='bbox 1184 667 1310 707; x_wconf 91' lang='lat' dir='ltr'>etiam</span> <span class='ocrx_word' id='word_1_47' title='bbox 1331 674 1417 708; x_wconf 87' lang='lat' dir='ltr'>tam</span> <span class='ocrx_word' id='word_1_48' title='bbox 1439 667 1571 708; x_wconf 89' lang='lat' dir='ltr'>electa</span> <span class='ocrx_word' id='word_1_49' title='bbox 1604 667 1755 707; x_wconf 90' lang='lat' dir='ltr'>militia</span> 
     </span>
     <span class='ocr_line' id='line_1_7' title="bbox 362 734 1755 791; baseline -0.002 -14"><span class='ocrx_word' id='word_1_50' title='bbox 362 743 532 791; x_wconf 89' lang='lat' dir='ltr'>tamque</span> <span class='ocrx_word' id='word_1_51' title='bbox 564 736 746 790; x_wconf 86' lang='lat' dir='ltr'>eleganti</span> <span class='ocrx_word' id='word_1_52' title='bbox 765 736 944 789; x_wconf 86' lang='lat' dir='ltr'>stipatus</span> <span class='ocrx_word' id='word_1_53' title='bbox 965 735 1118 783; x_wconf 86' lang='lat' dir='ltr'>fuerat,</span> <span class='ocrx_word' id='word_1_54' title='bbox 1143 741 1301 788; x_wconf 85' lang='lat' dir='ltr'>quanta</span> <span class='ocrx_word' id='word_1_55' title='bbox 1320 749 1396 775; x_wconf 92' lang='lat' dir='ltr'>nec</span> <span class='ocrx_word' id='word_1_56' title='bbox 1416 734 1571 775; x_wconf 87' lang='lat' dir='ltr'>nostris</span> <span class='ocrx_word' id='word_1_57' title='bbox 1592 735 1755 784; x_wconf 87' lang='lat' dir='ltr'>diebus,</span> 
     </span>
     <span class='ocr_line' id='line_1_8' title="bbox 361 801 1755 855; baseline -0.001 -11"><span class='ocrx_word' id='word_1_58' title='bbox 361 819 438 844; x_wconf 91' lang='lat' dir='ltr'>nee</span> <span class='ocrx_word' id='word_1_59' title='bbox 451 810 562 853; x_wconf 87' lang='lat' dir='ltr'>ante,</span> <span class='ocrx_word' id='word_1_60' title='bbox 577 803 651 843; x_wconf 92' lang='lat' dir='ltr'>uni</span> <span class='ocrx_word' id='word_1_61' title='bbox 663 803 881 843; x_wconf 84' lang='lat' dir='ltr'>adhaerens</span> <span class='ocrx_word' id='word_1_62' title='bbox 895 801 1055 841; x_wconf 89' lang='lat' dir='ltr'>homini</span> <span class='ocrx_word' id='word_1_63' title='bbox 1067 801 1134 842; x_wconf 91' lang='lat' dir='ltr'>vel</span> <span class='ocrx_word' id='word_1_64' title='bbox 1148 801 1232 842; x_wconf 89' lang='lat' dir='ltr'>visa</span> <span class='ocrx_word' id='word_1_65' title='bbox 1246 807 1309 841; x_wconf 90' lang='lat' dir='ltr'>est</span> <span class='ocrx_word' id='word_1_66' title='bbox 1321 816 1500 855; x_wconf 87' lang='lat' dir='ltr'>usquam</span> <span class='ocrx_word' id='word_1_67' title='bbox 1516 801 1581 842; x_wconf 90' lang='lat' dir='ltr'>vel</span> <span class='ocrx_word' id='word_1_68' title='bbox 1598 802 1755 843; x_wconf 79' lang='lat' dir='ltr'>audita.</span> 
     </span>
     <span class='ocr_line' id='line_1_9' title="bbox 362 868 1756 923; baseline -0.002 -12"><span class='ocrx_word' id='word_1_69' title='bbox 362 870 527 911; x_wconf 80' lang='lat' dir='ltr'>Praeter</span> <span class='ocrx_word' id='word_1_70' title='bbox 558 869 660 910; x_wconf 89' lang='lat' dir='ltr'>alios</span> <span class='ocrx_word' id='word_1_71' title='bbox 701 869 860 923; x_wconf 87' lang='lat' dir='ltr'>quippe</span> <span class='ocrx_word' id='word_1_72' title='bbox 900 868 1055 908; x_wconf 89' lang='lat' dir='ltr'>multos</span> <span class='ocrx_word' id='word_1_73' title='bbox 1096 868 1170 922; x_wconf 90' lang='lat' dir='ltr'>qui</span> <span class='ocrx_word' id='word_1_74' title='bbox 1209 868 1320 908; x_wconf 89' lang='lat' dir='ltr'>inter</span> <span class='ocrx_word' id='word_1_75' title='bbox 1360 868 1542 922; x_wconf 88' lang='lat' dir='ltr'>optimos</span> <span class='ocrx_word' id='word_1_76' title='bbox 1581 869 1756 909; x_wconf 82' lang='lat' dir='ltr'>maximi</span> 
     </span>
     <span class='ocr_line' id='line_1_10' title="bbox 360 934 1755 989; baseline -0.001 -13"><span class='ocrx_word' id='word_1_77' title='bbox 360 936 529 977; x_wconf 86' lang='lat' dir='ltr'>fuerant</span> <span class='ocrx_word' id='word_1_78' title='bbox 560 937 663 976; x_wconf 84' lang='lat' dir='ltr'>tales</span> <span class='ocrx_word' id='word_1_79' title='bbox 694 943 737 976; x_wconf 93' lang='lat' dir='ltr'>et</span> <span class='ocrx_word' id='word_1_80' title='bbox 765 943 851 976; x_wconf 89' lang='lat' dir='ltr'>tam</span> <span class='ocrx_word' id='word_1_81' title='bbox 883 935 1052 984; x_wconf 82' lang='lat' dir='ltr'>electos,</span> <span class='ocrx_word' id='word_1_82' title='bbox 1089 942 1290 989; x_wconf 87' lang='lat' dir='ltr'>tanquam</span> <span class='ocrx_word' id='word_1_83' title='bbox 1312 934 1492 975; x_wconf 84' lang='lat' dir='ltr'>Macedo</span> <span class='ocrx_word' id='word_1_84' title='bbox 1532 936 1755 985; x_wconf 86' lang='lat' dir='ltr'>secundus,</span> 
     </span>
     <span class='ocr_line' id='line_1_11' title="bbox 360 1001 1756 1056; baseline -0.001 -13"><span class='ocrx_word' id='word_1_85' title='bbox 360 1003 544 1043; x_wconf 88' lang='lat' dir='ltr'>habebat</span> <span class='ocrx_word' id='word_1_86' title='bbox 572 1003 623 1043; x_wconf 91' lang='lat' dir='ltr'>de</span> <span class='ocrx_word' id='word_1_87' title='bbox 654 1002 815 1042; x_wconf 88' lang='lat' dir='ltr'>familia</span> <span class='ocrx_word' id='word_1_88' title='bbox 854 1009 1024 1042; x_wconf 88' lang='lat' dir='ltr'>eentum</span> <span class='ocrx_word' id='word_1_89' title='bbox 1057 1001 1123 1042; x_wconf 93' lang='lat' dir='ltr'>vel</span> <span class='ocrx_word' id='word_1_90' title='bbox 1162 1002 1320 1055; x_wconf 87' lang='lat' dir='ltr'>plures,</span> <span class='ocrx_word' id='word_1_91' title='bbox 1353 1016 1534 1054; x_wconf 89' lang='lat' dir='ltr'>quorum</span> <span class='ocrx_word' id='word_1_92' title='bbox 1575 1002 1756 1056; x_wconf 90' lang='lat' dir='ltr'>quisque</span> 
     </span>
     <span class='ocr_line' id='line_1_12' title="bbox 362 1068 1756 1123; baseline -0.001 -14"><span class='ocrx_word' id='word_1_93' title='bbox 362 1076 700 1110; x_wconf 85' lang='lat' dir='ltr'>torneamentum</span> <span class='ocrx_word' id='word_1_94' title='bbox 740 1069 975 1123; x_wconf 86' lang='lat' dir='ltr'>quodlibet,</span> <span class='ocrx_word' id='word_1_95' title='bbox 1008 1069 1061 1109; x_wconf 90' lang='lat' dir='ltr'>ad</span> <span class='ocrx_word' id='word_1_96' title='bbox 1101 1068 1215 1122; x_wconf 90' lang='lat' dir='ltr'>quod</span> <span class='ocrx_word' id='word_1_97' title='bbox 1253 1068 1563 1122; x_wconf 86' lang='lat' dir='ltr'>probandarum</span> <span class='ocrx_word' id='word_1_98' title='bbox 1603 1068 1756 1109; x_wconf 89' lang='lat' dir='ltr'>virium</span> 
     </span>
     <span class='ocr_line' id='line_1_13' title="bbox 360 1135 1757 1190; baseline 0 -14"><span class='ocrx_word' id='word_1_99' title='bbox 360 1150 482 1176; x_wconf 89' lang='lat' dir='ltr'>eausa</span> <span class='ocrx_word' id='word_1_100' title='bbox 502 1137 690 1190; x_wconf 90' lang='lat' dir='ltr'>undique</span> <span class='ocrx_word' id='word_1_101' title='bbox 708 1136 925 1176; x_wconf 85' lang='lat' dir='ltr'>fortissimi</span> <span class='ocrx_word' id='word_1_102' title='bbox 948 1142 1148 1190; x_wconf 87' lang='lat' dir='ltr'>tanquam</span> <span class='ocrx_word' id='word_1_103' title='bbox 1171 1151 1226 1176; x_wconf 83' lang='lat' dir='ltr'>ex</span> <span class='ocrx_word' id='word_1_104' title='bbox 1247 1135 1441 1176; x_wconf 89' lang='lat' dir='ltr'>condicto</span> <span class='ocrx_word' id='word_1_105' title='bbox 1458 1135 1537 1176; x_wconf 88' lang='lat' dir='ltr'>viri</span> <span class='ocrx_word' id='word_1_106' title='bbox 1554 1135 1757 1176; x_wconf 87' lang='lat' dir='ltr'>militares</span> 
     </span>
     <span class='ocr_line' id='line_1_14' title="bbox 360 1202 1758 1257; baseline 0 -14"><span class='ocrx_word' id='word_1_107' title='bbox 360 1203 642 1252; x_wconf 89' lang='lat' dir='ltr'>confluebant,</span> <span class='ocrx_word' id='word_1_108' title='bbox 691 1202 875 1257; x_wconf 85' lang='lat' dir='ltr'>corporis</span> <span class='ocrx_word' id='word_1_109' title='bbox 911 1203 976 1243; x_wconf 88' lang='lat' dir='ltr'>sui</span> <span class='ocrx_word' id='word_1_110' title='bbox 1008 1202 1146 1243; x_wconf 86' lang='lat' dir='ltr'>valore</span> <span class='ocrx_word' id='word_1_111' title='bbox 1192 1217 1234 1242; x_wconf 93' lang='lat' dir='ltr'>se</span> <span class='ocrx_word' id='word_1_112' title='bbox 1266 1202 1431 1242; x_wconf 86' lang='lat' dir='ltr'>vincere</span> <span class='ocrx_word' id='word_1_113' title='bbox 1464 1203 1615 1243; x_wconf 90' lang='lat' dir='ltr'>debere</span> <span class='ocrx_word' id='word_1_114' title='bbox 1660 1218 1758 1243; x_wconf 91' lang='grc'><strong>0011-</strong></span> 
     </span>
     <span class='ocr_line' id='line_1_15' title="bbox 359 1269 1756 1324; baseline 0 -14"><span class='ocrx_word' id='word_1_115' title='bbox 359 1270 531 1310; x_wconf 90' lang='lat' dir='ltr'>fidebat.</span> <span class='ocrx_word' id='word_1_116' title='bbox 593 1270 720 1310; x_wconf 90' lang='lat' dir='ltr'>Unde</span> <span class='ocrx_word' id='word_1_117' title='bbox 743 1276 785 1310; x_wconf 95' lang='lat' dir='ltr'>et</span> <span class='ocrx_word' id='word_1_118' title='bbox 807 1269 1005 1323; x_wconf 87' lang='lat' dir='ltr'>quoniam</span> <span class='ocrx_word' id='word_1_119' title='bbox 1027 1269 1133 1309; x_wconf 88' lang='lat' dir='ltr'>nihil</span> <span class='ocrx_word' id='word_1_120' title='bbox 1162 1269 1396 1309; x_wconf 90' lang='lat' dir='ltr'>humanum</span> <span class='ocrx_word' id='word_1_121' title='bbox 1428 1270 1541 1309; x_wconf 91' lang='lat' dir='ltr'>omni</span> <span class='ocrx_word' id='word_1_122' title='bbox 1563 1285 1618 1309; x_wconf 84' lang='lat' dir='ltr'>ex</span> <span class='ocrx_word' id='word_1_123' title='bbox 1638 1278 1756 1324; x_wconf 87' lang='lat' dir='ltr'>parte</span> 
     </span>
     <span class='ocr_line' id='line_1_16' title="bbox 359 1336 1757 1392; baseline -0.001 -14"><span class='ocrx_word' id='word_1_124' title='bbox 359 1338 596 1392; x_wconf 85' lang='lat' dir='ltr'>perfectum</span> <span class='ocrx_word' id='word_1_125' title='bbox 613 1352 700 1377; x_wconf 89' lang='lat' dir='ltr'>esse</span> <span class='ocrx_word' id='word_1_126' title='bbox 721 1344 874 1390; x_wconf 90' lang='lat' dir='ltr'>potest,</span> <span class='ocrx_word' id='word_1_127' title='bbox 898 1343 1057 1376; x_wconf 85' lang='lat' dir='ltr'>tantam</span> <span class='ocrx_word' id='word_1_128' title='bbox 1075 1336 1330 1376; x_wconf 87' lang='lat' dir='ltr'>naturalium</span> <span class='ocrx_word' id='word_1_129' title='bbox 1351 1336 1558 1376; x_wconf 89' lang='lat' dir='ltr'>bonorum</span> <span class='ocrx_word' id='word_1_130' title='bbox 1579 1337 1757 1390; x_wconf 85' lang='lat' dir='ltr'>gratiam</span> 
     </span>
     <span class='ocr_line' id='line_1_17' title="bbox 358 1403 1754 1456; baseline -0.001 -12"><span class='ocrx_word' id='word_1_131' title='bbox 358 1405 403 1444; x_wconf 90' lang='lat' dir='ltr'>in</span> <span class='ocrx_word' id='word_1_132' title='bbox 435 1419 569 1444; x_wconf 91' lang='lat' dir='ltr'>unum</span> <span class='ocrx_word' id='word_1_133' title='bbox 604 1403 773 1456; x_wconf 81' lang='lat' dir='ltr'>congeri</span> <span class='ocrx_word' id='word_1_134' title='bbox 807 1403 936 1444; x_wconf 87' lang='lat' dir='ltr'>livida</span> <span class='ocrx_word' id='word_1_135' title='bbox 964 1410 1114 1443; x_wconf 87' lang='lat' dir='ltr'>natura</span> <span class='ocrx_word' id='word_1_136' title='bbox 1136 1404 1384 1452; x_wconf 83' lang='lat' dir='ltr'>detrectans,</span> <span class='ocrx_word' id='word_1_137' title='bbox 1408 1403 1577 1443; x_wconf 87' lang='lat' dir='ltr'>tandem</span> <span class='ocrx_word' id='word_1_138' title='bbox 1615 1410 1754 1444; x_wconf 90' lang='lat' dir='ltr'>tamen</span> 
     </span>
     <span class='ocr_line' id='line_1_18' title="bbox 358 1469 1755 1524; baseline -0.001 -14"><span class='ocrx_word' id='word_1_139' title='bbox 358 1471 480 1512; x_wconf 90' lang='lat' dir='ltr'>niveo</span> <span class='ocrx_word' id='word_1_140' title='bbox 497 1471 666 1512; x_wconf 89' lang='lat' dir='ltr'>candori</span> <span class='ocrx_word' id='word_1_141' title='bbox 687 1486 855 1511; x_wconf 87' lang='lat' dir='ltr'>naevum</span> <span class='ocrx_word' id='word_1_142' title='bbox 876 1471 1030 1524; x_wconf 86' lang='lat' dir='ltr'>adjecit</span> <span class='ocrx_word' id='word_1_143' title='bbox 1052 1470 1450 1524; x_wconf 87' lang='lat' dir='ltr'>splendidissimum,</span> <span class='ocrx_word' id='word_1_144' title='bbox 1472 1470 1609 1510; x_wconf 91' lang='lat' dir='ltr'>virum</span> <span class='ocrx_word' id='word_1_145' title='bbox 1627 1469 1755 1510; x_wconf 89' lang='lat' dir='ltr'>solius</span> 
     </span>
     <span class='ocr_line' id='line_1_19' title="bbox 356 1536 1753 1591; baseline 0 -14"><span class='ocrx_word' id='word_1_146' title='bbox 356 1537 671 1591; x_wconf 88' lang='lat' dir='ltr'>ingratitudinis</span> <span class='ocrx_word' id='word_1_147' title='bbox 701 1537 805 1578; x_wconf 90' lang='lat' dir='ltr'>vitio</span> <span class='ocrx_word' id='word_1_148' title='bbox 838 1544 881 1577; x_wconf 93' lang='lat' dir='ltr'>et</span> <span class='ocrx_word' id='word_1_149' title='bbox 915 1536 1065 1591; x_wconf 90' lang='lat' dir='ltr'>optimi</span> <span class='ocrx_word' id='word_1_150' title='bbox 1098 1537 1229 1590; x_wconf 87' lang='lat' dir='ltr'>patris</span> <span class='ocrx_word' id='word_1_151' title='bbox 1264 1536 1489 1577; x_wconf 82' lang='lat' dir='ltr'>vexatione</span> <span class='ocrx_word' id='word_1_152' title='bbox 1525 1537 1753 1577; x_wconf 87' lang='lat' dir='ltr'>notabilem</span> 
     </span>
     <span class='ocr_line' id='line_1_20' title="bbox 355 1603 1753 1659; baseline -0.001 -14"><span class='ocrx_word' id='word_1_153' title='bbox 355 1605 546 1645; x_wconf 89' lang='lat' dir='ltr'>reddens.</span> <span class='ocrx_word' id='word_1_154' title='bbox 608 1605 675 1645; x_wconf 92' lang='lat' dir='ltr'>De</span> <span class='ocrx_word' id='word_1_155' title='bbox 706 1619 792 1659; x_wconf 94' lang='lat' dir='ltr'>quo</span> <span class='ocrx_word' id='word_1_156' title='bbox 822 1604 934 1644; x_wconf 90' lang='lat' dir='ltr'>inter</span> <span class='ocrx_word' id='word_1_157' title='bbox 966 1610 1120 1644; x_wconf 87' lang='lat' dir='ltr'>caetera</span> <span class='ocrx_word' id='word_1_158' title='bbox 1153 1603 1215 1643; x_wconf 90' lang='lat' dir='ltr'>sui</span> <span class='ocrx_word' id='word_1_159' title='bbox 1248 1603 1450 1657; x_wconf 84' lang='lat' dir='ltr'>prodigia,</span> <span class='ocrx_word' id='word_1_160' title='bbox 1491 1610 1535 1644; x_wconf 82' lang='lat' dir='ltr'>et</span> <span class='ocrx_word' id='word_1_161' title='bbox 1565 1604 1643 1643; x_wconf 92' lang='lat' dir='ltr'>hoc</span> <span class='ocrx_word' id='word_1_162' title='bbox 1678 1619 1753 1657; x_wconf 89' lang='lat' dir='ltr'>pro</span> 
     </span>
     <span class='ocr_line' id='line_1_21' title="bbox 354 1670 1753 1725; baseline -0.001 -13"><span class='ocrx_word' id='word_1_163' title='bbox 354 1672 557 1712; x_wconf 87' lang='lat' dir='ltr'>miraculo</span> <span class='ocrx_word' id='word_1_164' title='bbox 579 1671 677 1712; x_wconf 90' lang='lat' dir='ltr'>duci</span> <span class='ocrx_word' id='word_1_165' title='bbox 695 1671 851 1725; x_wconf 89' lang='lat' dir='ltr'>potuit,</span> <span class='ocrx_word' id='word_1_166' title='bbox 875 1671 991 1724; x_wconf 89' lang='lat' dir='ltr'>quod</span> <span class='ocrx_word' id='word_1_167' title='bbox 1010 1670 1225 1710; x_wconf 90' lang='lat' dir='ltr'>hominem</span> <span class='ocrx_word' id='word_1_168' title='bbox 1262 1670 1383 1710; x_wconf 86' lang='lat' dir='ltr'>terris</span> <span class='ocrx_word' id='word_1_169' title='bbox 1405 1676 1448 1710; x_wconf 90' lang='lat' dir='ltr'>et</span> <span class='ocrx_word' id='word_1_170' title='bbox 1470 1670 1677 1710; x_wconf 86' lang='lat' dir='ltr'>thesauris</span> <span class='ocrx_word' id='word_1_171' title='bbox 1698 1685 1753 1710; x_wconf 82' lang='lat' dir='ltr'>ex</span> 
     </span>
     <span class='ocr_line' id='line_1_22' title="bbox 356 1738 1749 1792; baseline -0.001 -12"><span class='ocrx_word' id='word_1_172' title='bbox 356 1746 446 1780; x_wconf 90' lang='lat' dir='ltr'>toto</span> <span class='ocrx_word' id='word_1_173' title='bbox 468 1748 692 1789; x_wconf 87' lang='lat' dir='ltr'>carentem,</span> <span class='ocrx_word' id='word_1_174' title='bbox 712 1746 827 1780; x_wconf 89' lang='lat' dir='ltr'>totus</span> <span class='ocrx_word' id='word_1_175' title='bbox 848 1740 936 1779; x_wconf 86' lang='lat' dir='ltr'>fere</span> <span class='ocrx_word' id='word_1_176' title='bbox 957 1739 1140 1779; x_wconf 89' lang='lat' dir='ltr'>mundus</span> <span class='ocrx_word' id='word_1_177' title='bbox 1162 1739 1421 1792; x_wconf 85' lang='lat' dir='ltr'>sequebatur</span> <span class='ocrx_word' id='word_1_178' title='bbox 1439 1754 1448 1787; x_wconf 83' lang='lat'><em>3</em></span> <span class='ocrx_word' id='word_1_179' title='bbox 1481 1738 1555 1792; x_wconf 91' lang='lat' dir='ltr'>qui</span> <span class='ocrx_word' id='word_1_180' title='bbox 1577 1739 1621 1778; x_wconf 94' lang='lat' dir='ltr'>in</span> <span class='ocrx_word' id='word_1_181' title='bbox 1633 1739 1749 1779; x_wconf 90' lang='lat' dir='ltr'>brevi</span> 
     </span>
     <span class='ocr_line' id='line_1_23' title="bbox 355 1804 1753 1861; baseline -0.001 -14"><span class='ocrx_word' id='word_1_182' title='bbox 355 1806 422 1860; x_wconf 93' lang='lat' dir='ltr'>(ut</span> <span class='ocrx_word' id='word_1_183' title='bbox 434 1807 699 1861; x_wconf 87' lang='lat' dir='ltr'>sperabatur)</span> <span class='ocrx_word' id='word_1_184' title='bbox 715 1813 757 1846; x_wconf 88' lang='lat' dir='ltr'>et</span> <span class='ocrx_word' id='word_1_185' title='bbox 772 1805 921 1846; x_wconf 81' lang='lat' dir='ltr'>mundi</span> <span class='ocrx_word' id='word_1_186' title='bbox 933 1805 1216 1846; x_wconf 85' lang='lat' dir='ltr'>monarchiam</span> <span class='ocrx_word' id='word_1_187' title='bbox 1229 1804 1508 1854; x_wconf 85' lang='lat' dir='ltr'>reformasset,</span> <span class='ocrx_word' id='word_1_188' title='bbox 1523 1805 1557 1845; x_wconf 91' lang='lat' dir='ltr'>si</span> <span class='ocrx_word' id='word_1_189' title='bbox 1570 1821 1654 1845; x_wconf 91' lang='grc'><strong>11011</strong></span> <span class='ocrx_word' id='word_1_190' title='bbox 1668 1813 1753 1846; x_wconf 87' lang='lat' dir='ltr'>tam</span> 
     </span>
     <span class='ocr_line' id='line_1_24' title="bbox 355 1871 1752 1928; baseline -0.002 -14"><span class='ocrx_word' id='word_1_191' title='bbox 355 1889 638 1928; x_wconf 84' lang='lat' dir='ltr'>praepropere,</span> <span class='ocrx_word' id='word_1_192' title='bbox 683 1880 767 1913; x_wconf 91' lang='lat' dir='ltr'>tam</span> <span class='ocrx_word' id='word_1_193' title='bbox 806 1879 1076 1926; x_wconf 83' lang='lat' dir='ltr'>praemature,</span> <span class='ocrx_word' id='word_1_194' title='bbox 1118 1879 1203 1912; x_wconf 91' lang='lat' dir='ltr'>tam</span> <span class='ocrx_word' id='word_1_195' title='bbox 1252 1871 1468 1925; x_wconf 86' lang='lat' dir='ltr'>inopinate</span> <span class='ocrx_word' id='word_1_196' title='bbox 1508 1879 1752 1912; x_wconf 84' lang='lat' dir='ltr'>vernantem</span> 
     </span>
     <span class='ocr_line' id='line_1_25' title="bbox 354 1938 1749 1993; baseline -0.001 -12"><span class='ocrx_word' id='word_1_197' title='bbox 354 1942 500 1981; x_wconf 89' lang='lat' dir='ltr'>florem</span> <span class='ocrx_word' id='word_1_198' title='bbox 521 1955 649 1981; x_wconf 88' lang='lat' dir='ltr'>verno</span> <span class='ocrx_word' id='word_1_199' title='bbox 669 1940 714 1980; x_wconf 91' lang='lat' dir='ltr'>in</span> <span class='ocrx_word' id='word_1_200' title='bbox 748 1947 952 1993; x_wconf 86' lang='lat' dir='ltr'>tempore,</span> <span class='ocrx_word' id='word_1_201' title='bbox 976 1939 1117 1979; x_wconf 90' lang='lat' dir='ltr'>invida</span> <span class='ocrx_word' id='word_1_202' title='bbox 1152 1938 1352 1978; x_wconf 88' lang='lat' dir='ltr'>faltorum</span> <span class='ocrx_word' id='word_1_203' title='bbox 1374 1938 1501 1978; x_wconf 90' lang='lat' dir='ltr'>series</span> <span class='ocrx_word' id='word_1_204' title='bbox 1518 1939 1749 1993; x_wconf 82' lang='lat' dir='ltr'>rapuisset3</span> 
     </span>
     <span class='ocr_line' id='line_1_26' title="bbox 356 2005 1750 2061; baseline -0.001 -14"><span class='ocrx_word' id='word_1_205' title='bbox 356 2014 547 2061; x_wconf 87' lang='lat' dir='ltr'>tempore</span> <span class='ocrx_word' id='word_1_206' title='bbox 583 2021 638 2046; x_wconf 88' lang='lat' dir='ltr'>sc.</span> <span class='ocrx_word' id='word_1_207' title='bbox 662 2006 799 2046; x_wconf 84' lang='lat' dir='ltr'>aetatis</span> <span class='ocrx_word' id='word_1_208' title='bbox 821 2020 910 2045; x_wconf 84' lang='lat' dir='ltr'>suae</span> <span class='ocrx_word' id='word_1_209' title='bbox 933 2005 1146 2045; x_wconf 81' lang='lat' dir='ltr'>trieteride</span> <span class='ocrx_word' id='word_1_210' title='bbox 1178 2020 1300 2054; x_wconf 90' lang='lat' dir='ltr'>nona,</span> <span class='ocrx_word' id='word_1_211' title='bbox 1323 2005 1604 2046; x_wconf 87' lang='lat' dir='ltr'>coronationis</span> <span class='ocrx_word' id='word_1_212' title='bbox 1641 2021 1750 2046; x_wconf 89' lang='lat' dir='ltr'>anno</span> 
     </span>
     <span class='ocr_line' id='line_1_27' title="bbox 357 2071 1432 2124; baseline -0.003 -9"><span class='ocrx_word' id='word_1_213' title='bbox 357 2087 450 2124; x_wconf 85' lang='lat' dir='ltr'>xlv,</span> <span class='ocrx_word' id='word_1_214' title='bbox 472 2074 523 2113; x_wconf 92' lang='lat' dir='ltr'>ab</span> <span class='ocrx_word' id='word_1_215' title='bbox 544 2072 830 2113; x_wconf 82' lang='lat' dir='ltr'>incarnatione</span> <span class='ocrx_word' id='word_1_216' title='bbox 850 2085 949 2112; x_wconf 91' lang='lat' dir='ltr'>vero</span> <span class='ocrx_word' id='word_1_217' title='bbox 971 2071 1147 2112; x_wconf 89' lang='lat' dir='ltr'>Domini</span> <span class='ocrx_word' id='word_1_218' title='bbox 1167 2073 1432 2112; x_wconf 67' lang='lat' dir='ltr'>MCLXXXH.2</span> 
     </span>
    </p>
   </div>
   <div class='ocr_carea' id='block_1_3' title="bbox 1080 2187 1752 2231">
    <p class='ocr_par' dir='ltr' id='par_1_3' title="bbox 1080 2187 1752 2231">
     <span class='ocr_line' id='line_1_28' title="bbox 1080 2187 1752 2231; baseline 0.004 -11"><span class='ocrx_word' id='word_1_219' title='bbox 1080 2188 1115 2220; x_wconf 82' lang='lat' dir='ltr'>in</span> <span class='ocrx_word' id='word_1_220' title='bbox 1127 2188 1238 2220; x_wconf 85' lang='lat' dir='ltr'>whom</span> <span class='ocrx_word' id='word_1_221' title='bbox 1256 2187 1301 2220; x_wconf 88' lang='lat' dir='ltr'>all</span> <span class='ocrx_word' id='word_1_222' title='bbox 1316 2187 1374 2220; x_wconf 83' lang='lat' dir='ltr'>the</span> <span class='ocrx_word' id='word_1_223' title='bbox 1385 2187 1466 2231; x_wconf 84' lang='lat' dir='ltr'>gifts</span> <span class='ocrx_word' id='word_1_224' title='bbox 1485 2188 1523 2220; x_wconf 88' lang='lat' dir='ltr'>of</span> <span class='ocrx_word' id='word_1_225' title='bbox 1536 2194 1654 2222; x_wconf 86' lang='lat' dir='ltr'>nature</span> <span class='ocrx_word' id='word_1_226' title='bbox 1666 2201 1752 2223; x_wconf 88' lang='lat' dir='ltr'>were</span> 
     </span>
    </p>
   </div>
   <div class='ocr_carea' id='block_1_4' title="bbox 404 2187 1751 2269">
    <p class='ocr_par' dir='ltr' id='par_1_4' title="bbox 404 2187 1751 2269">
     <span class='ocr_line' id='line_1_29' title="bbox 404 2187 1017 2232; baseline 0 -12"><span class='ocrx_word' id='word_1_227' title='bbox 404 2188 411 2205; x_wconf 94' lang='lat'>¹</span> <span class='ocrx_word' id='word_1_228' title='bbox 440 2187 523 2220; x_wconf 88' lang='lat' dir='ltr'>This</span> <span class='ocrx_word' id='word_1_229' title='bbox 540 2198 679 2232; x_wconf 82' lang='lat' dir='ltr'>passage</span> <span class='ocrx_word' id='word_1_230' title='bbox 697 2187 725 2220; x_wconf 90' lang='lat' dir='ltr'>is</span> <span class='ocrx_word' id='word_1_231' title='bbox 748 2187 890 2221; x_wconf 83' lang='lat' dir='ltr'>omitted</span> <span class='ocrx_word' id='word_1_232' title='bbox 907 2188 942 2220; x_wconf 90' lang='lat' dir='ltr'>in</span> <span class='ocrx_word' id='word_1_233' title='bbox 961 2188 1017 2221; x_wconf 86' lang='lat' dir='ltr'>the</span> 
     </span>
     <span class='ocr_line' id='line_1_30' title="bbox 1082 2233 1751 2269; baseline 0.004 -3"><span class='ocrx_word' id='word_1_234' title='bbox 1082 2233 1210 2266; x_wconf 87' lang='lat' dir='ltr'>united.</span> <span class='ocrx_word' id='word_1_235' title='bbox 1241 2233 1314 2266; x_wconf 92' lang='lat' dir='ltr'>The</span> <span class='ocrx_word' id='word_1_236' title='bbox 1350 2239 1440 2266; x_wconf 86' lang='lat' dir='ltr'>most</span> <span class='ocrx_word' id='word_1_237' title='bbox 1465 2234 1591 2267; x_wconf 82' lang='lat' dir='ltr'>distant</span> <span class='ocrx_word' id='word_1_238' title='bbox 1619 2236 1751 2269; x_wconf 84' lang='lat' dir='ltr'>nations</span> 
     </span>
    </p>
   </div>
   <div class='ocr_carea' id='block_1_5' title="bbox 355 2233 1021 2542">
    <p class='ocr_par' dir='ltr' id='par_1_5' title="bbox 357 2233 893 2278">
     <span class='ocr_line' id='line_1_31' title="bbox 357 2233 893 2278; baseline 0.002 -12"><span class='ocrx_word' id='word_1_239' title='bbox 357 2233 501 2267; x_wconf 87' lang='lat' dir='ltr'>editions</span> <span class='ocrx_word' id='word_1_240' title='bbox 520 2233 557 2265; x_wconf 91' lang='lat' dir='ltr'>of</span> <span class='ocrx_word' id='word_1_241' title='bbox 570 2233 626 2266; x_wconf 85' lang='lat' dir='ltr'>the</span> <span class='ocrx_word' id='word_1_242' title='bbox 646 2233 893 2278; x_wconf 84' lang='lat' dir='ltr'>Topographia.</span> 
     </span>
    </p>

    <p class='ocr_par' dir='ltr' id='par_1_6' title="bbox 355 2278 1020 2508">
     <span class='ocr_line' id='line_1_32' title="bbox 402 2278 1018 2312; baseline -0.002 0"><span class='ocrx_word' id='word_1_243' title='bbox 402 2279 416 2299; x_wconf 66' lang='lat'>‘⁶‘</span> <span class='ocrx_word' id='word_1_244' title='bbox 440 2279 567 2312; x_wconf 87' lang='lat' dir='ltr'>Rather</span> <span class='ocrx_word' id='word_1_245' title='bbox 587 2281 688 2312; x_wconf 83' lang='grc'><strong>1183.</strong></span> <span class='ocrx_word' id='word_1_246' title='bbox 738 2279 838 2312; x_wconf 87' lang='lat' dir='ltr'>Peter</span> <span class='ocrx_word' id='word_1_247' title='bbox 864 2279 902 2312; x_wconf 85' lang='lat' dir='ltr'>of</span> <span class='ocrx_word' id='word_1_248' title='bbox 923 2278 1018 2312; x_wconf 85' lang='lat' dir='ltr'>Blois</span> 
     </span>
     <span class='ocr_line' id='line_1_33' title="bbox 356 2324 1020 2369; baseline -0.002 -11"><span class='ocrx_word' id='word_1_249' title='bbox 356 2331 460 2358; x_wconf 86' lang='lat' dir='ltr'>wrote</span> <span class='ocrx_word' id='word_1_250' title='bbox 477 2337 496 2358; x_wconf 84' lang='lat' dir='ltr'>a</span> <span class='ocrx_word' id='word_1_251' title='bbox 521 2325 734 2369; x_wconf 85' lang='lat' dir='ltr'>consolatory</span> <span class='ocrx_word' id='word_1_252' title='bbox 751 2324 849 2358; x_wconf 88' lang='lat' dir='ltr'>letter</span> <span class='ocrx_word' id='word_1_253' title='bbox 867 2331 901 2357; x_wconf 88' lang='lat' dir='ltr'>to</span> <span class='ocrx_word' id='word_1_254' title='bbox 927 2325 1020 2369; x_wconf 83' lang='lat' dir='ltr'>King</span> 
     </span>
     <span class='ocr_line' id='line_1_34' title="bbox 358 2370 1019 2417; baseline 0 -14"><span class='ocrx_word' id='word_1_255' title='bbox 358 2371 476 2417; x_wconf 88' lang='lat' dir='ltr'>Henry</span> <span class='ocrx_word' id='word_1_256' title='bbox 501 2383 543 2403; x_wconf 92' lang='lat' dir='ltr'>on</span> <span class='ocrx_word' id='word_1_257' title='bbox 569 2370 635 2403; x_wconf 89' lang='lat' dir='ltr'>this</span> <span class='ocrx_word' id='word_1_258' title='bbox 663 2371 830 2413; x_wconf 77' lang='lat' dir='ltr'>occasion,</span> <span class='ocrx_word' id='word_1_259' title='bbox 854 2371 964 2403; x_wconf 86' lang='lat' dir='ltr'>which</span> <span class='ocrx_word' id='word_1_260' title='bbox 991 2371 1019 2403; x_wconf 85' lang='lat' dir='ltr'>is</span> 
     </span>
     <span class='ocr_line' id='line_1_35' title="bbox 355 2416 1019 2462; baseline -0.002 -12"><span class='ocrx_word' id='word_1_261' title='bbox 355 2417 489 2462; x_wconf 84' lang='lat' dir='ltr'>printed</span> <span class='ocrx_word' id='word_1_262' title='bbox 507 2417 541 2450; x_wconf 91' lang='lat' dir='ltr'>in</span> <span class='ocrx_word' id='word_1_263' title='bbox 558 2417 611 2449; x_wconf 91' lang='lat' dir='ltr'>his</span> <span class='ocrx_word' id='word_1_264' title='bbox 626 2416 746 2450; x_wconf 80' lang='lat' dir='ltr'>works.</span> <span class='ocrx_word' id='word_1_265' title='bbox 796 2416 924 2461; x_wconf 85' lang='lat' dir='ltr'>(Opera</span> <span class='ocrx_word' id='word_1_266' title='bbox 942 2416 1019 2449; x_wconf 83' lang='lat' dir='ltr'>Ble-</span> 
     </span>
     <span class='ocr_line' id='line_1_36' title="bbox 356 2463 639 2508; baseline -0.004 -12"><span class='ocrx_word' id='word_1_267' title='bbox 356 2475 448 2496; x_wconf 86' lang='lat' dir='ltr'>sens.</span> <span class='ocrx_word' id='word_1_268' title='bbox 467 2463 566 2508; x_wconf 85' lang='lat' dir='ltr'>epist.</span> <span class='ocrx_word' id='word_1_269' title='bbox 586 2463 639 2504; x_wconf 90' lang='lat' dir='ltr'>ii.)</span> 
     </span>
    </p>

    <p class='ocr_par' dir='ltr' id='par_1_7' title="bbox 405 2508 1021 2542">
     <span class='ocr_line' id='line_1_37' title="bbox 405 2508 1021 2542; baseline 0 -1"><span class='ocrx_word' id='word_1_270' title='bbox 405 2509 438 2542; x_wconf 89' lang='lat' dir='ltr'>It</span> <span class='ocrx_word' id='word_1_271' title='bbox 464 2508 575 2542; x_wconf 88' lang='lat' dir='ltr'>would</span> <span class='ocrx_word' id='word_1_272' title='bbox 602 2508 729 2542; x_wconf 76' lang='lat' dir='ltr'>exceed</span> <span class='ocrx_word' id='word_1_273' title='bbox 752 2508 809 2541; x_wconf 84' lang='lat' dir='ltr'>the</span> <span class='ocrx_word' id='word_1_274' title='bbox 835 2509 899 2541; x_wconf 88' lang='lat' dir='ltr'>due</span> <span class='ocrx_word' id='word_1_275' title='bbox 929 2520 1021 2541; x_wconf 84' lang='grc'><strong>00111-</strong></span> 
     </span>
    </p>
   </div>
   <div class='ocr_carea' id='block_1_6' title="bbox 1082 2279 1752 2550">
    <p class='ocr_par' dir='ltr' id='par_1_8' title="bbox 1082 2279 1752 2550">
     <span class='ocr_line' id='line_1_38' title="bbox 1082 2279 1752 2324; baseline 0.004 -13"><span class='ocrx_word' id='word_1_276' title='bbox 1082 2279 1195 2312; x_wconf 84' lang='lat' dir='ltr'>feared</span> <span class='ocrx_word' id='word_1_277' title='bbox 1241 2279 1311 2312; x_wconf 88' lang='lat' dir='ltr'>him</span> <span class='ocrx_word' id='word_1_278' title='bbox 1329 2292 1336 2320; x_wconf 95' lang='lat'>;</span> <span class='ocrx_word' id='word_1_279' title='bbox 1378 2279 1435 2312; x_wconf 91' lang='lat' dir='ltr'>the</span> <span class='ocrx_word' id='word_1_280' title='bbox 1468 2280 1654 2324; x_wconf 85' lang='lat' dir='ltr'>malignant</span> <span class='ocrx_word' id='word_1_281' title='bbox 1686 2282 1752 2314; x_wconf 87' lang='lat' dir='ltr'>and</span> 
     </span>
     <span class='ocr_line' id='line_1_39' title="bbox 1082 2325 1752 2360; baseline 0.004 -3"><span class='ocrx_word' id='word_1_282' title='bbox 1082 2325 1139 2357; x_wconf 89' lang='lat' dir='ltr'>the</span> <span class='ocrx_word' id='word_1_283' title='bbox 1205 2325 1344 2358; x_wconf 88' lang='lat' dir='ltr'>envious</span> <span class='ocrx_word' id='word_1_284' title='bbox 1389 2337 1476 2358; x_wconf 84' lang='lat' dir='ltr'>were</span> <span class='ocrx_word' id='word_1_285' title='bbox 1540 2327 1752 2360; x_wconf 84' lang='lat' dir='ltr'>constrained</span> 
     </span>
     <span class='ocr_line' id='line_1_40' title="bbox 1083 2370 1752 2406; baseline 0.004 -3"><span class='ocrx_word' id='word_1_286' title='bbox 1083 2370 1209 2403; x_wconf 87' lang='lat' dir='ltr'>telove</span> <span class='ocrx_word' id='word_1_287' title='bbox 1227 2370 1293 2403; x_wconf 90' lang='lat' dir='ltr'>and</span> <span class='ocrx_word' id='word_1_288' title='bbox 1312 2377 1345 2403; x_wconf 90' lang='lat' dir='ltr'>to</span> <span class='ocrx_word' id='word_1_289' title='bbox 1377 2382 1490 2404; x_wconf 88' lang='lat' dir='ltr'>revere</span> <span class='ocrx_word' id='word_1_290' title='bbox 1520 2371 1603 2405; x_wconf 84' lang='lat' dir='ltr'>him.</span> <span class='ocrx_word' id='word_1_291' title='bbox 1654 2373 1752 2406; x_wconf 86' lang='lat' dir='ltr'>After</span> 
     </span>
     <span class='ocr_line' id='line_1_41' title="bbox 1082 2416 1752 2462; baseline 0.003 -13"><span class='ocrx_word' id='word_1_292' title='bbox 1082 2417 1243 2460; x_wconf 87' lang='lat' dir='ltr'>reaching</span> <span class='ocrx_word' id='word_1_293' title='bbox 1251 2417 1333 2450; x_wconf 87' lang='lat' dir='ltr'>such</span> <span class='ocrx_word' id='word_1_294' title='bbox 1342 2416 1491 2462; x_wconf 85' lang='lat' dir='ltr'>military</span> <span class='ocrx_word' id='word_1_295' title='bbox 1501 2418 1675 2451; x_wconf 89' lang='lat' dir='ltr'>eminenee</span> <span class='ocrx_word' id='word_1_296' title='bbox 1687 2419 1752 2451; x_wconf 89' lang='lat' dir='ltr'>and</span> 
     </span>
     <span class='ocr_line' id='line_1_42' title="bbox 1084 2462 1751 2497; baseline 0.003 -2"><span class='ocrx_word' id='word_1_297' title='bbox 1084 2462 1282 2495; x_wconf 85' lang='lat' dir='ltr'>distinction</span> <span class='ocrx_word' id='word_1_298' title='bbox 1299 2475 1335 2496; x_wconf 89' lang='lat' dir='ltr'>as</span> <span class='ocrx_word' id='word_1_299' title='bbox 1354 2463 1430 2495; x_wconf 88' lang='lat' dir='ltr'>falls</span> <span class='ocrx_word' id='word_1_300' title='bbox 1460 2469 1492 2496; x_wconf 85' lang='lat' dir='ltr'>to</span> <span class='ocrx_word' id='word_1_301' title='bbox 1511 2463 1567 2496; x_wconf 89' lang='lat' dir='ltr'>the</span> <span class='ocrx_word' id='word_1_302' title='bbox 1584 2464 1632 2497; x_wconf 89' lang='lat' dir='ltr'>lot</span> <span class='ocrx_word' id='word_1_303' title='bbox 1650 2465 1687 2497; x_wconf 92' lang='lat' dir='ltr'>of</span> <span class='ocrx_word' id='word_1_304' title='bbox 1708 2476 1751 2497; x_wconf 90' lang='lat' dir='ltr'>no</span> 
     </span>
     <span class='ocr_line' id='line_1_43' title="bbox 1084 2509 1752 2550; baseline 0.003 -9"><span class='ocrx_word' id='word_1_305' title='bbox 1084 2520 1174 2550; x_wconf 86' lang='lat' dir='ltr'>man,</span> <span class='ocrx_word' id='word_1_306' title='bbox 1191 2509 1233 2541; x_wconf 90' lang='lat' dir='ltr'>he</span> <span class='ocrx_word' id='word_1_307' title='bbox 1259 2509 1337 2542; x_wconf 87' lang='lat' dir='ltr'>died</span> <span class='ocrx_word' id='word_1_308' title='bbox 1362 2514 1396 2542; x_wconf 87' lang='lat' dir='ltr'>at</span> <span class='ocrx_word' id='word_1_309' title='bbox 1414 2509 1471 2541; x_wconf 87' lang='lat' dir='ltr'>the</span> <span class='ocrx_word' id='word_1_310' title='bbox 1496 2509 1559 2542; x_wconf 83' lang='lat' dir='ltr'>last</span> <span class='ocrx_word' id='word_1_311' title='bbox 1577 2521 1597 2542; x_wconf 88' lang='lat' dir='ltr'>a</span> <span class='ocrx_word' id='word_1_312' title='bbox 1614 2510 1752 2543; x_wconf 87' lang='lat' dir='ltr'>humble</span> 
     </span>
    </p>
   </div>
   <div class='ocr_carea' id='block_1_7' title="bbox 356 2554 1025 2874">
    <p class='ocr_par' dir='ltr' id='par_1_9' title="bbox 356 2554 1025 2874">
     <span class='ocr_line' id='line_1_44' title="bbox 357 2554 1020 2599; baseline -0.002 -12"><span class='ocrx_word' id='word_1_313' title='bbox 357 2566 435 2599; x_wconf 85' lang='lat' dir='ltr'>pass</span> <span class='ocrx_word' id='word_1_314' title='bbox 453 2554 490 2587; x_wconf 86' lang='lat' dir='ltr'>of</span> <span class='ocrx_word' id='word_1_315' title='bbox 503 2566 522 2587; x_wconf 88' lang='lat' dir='ltr'>a</span> <span class='ocrx_word' id='word_1_316' title='bbox 538 2560 616 2587; x_wconf 84' lang='lat' dir='ltr'>note</span> <span class='ocrx_word' id='word_1_317' title='bbox 636 2560 669 2586; x_wconf 87' lang='lat' dir='ltr'>to</span> <span class='ocrx_word' id='word_1_318' title='bbox 691 2554 795 2586; x_wconf 84' lang='lat' dir='ltr'>insert</span> <span class='ocrx_word' id='word_1_319' title='bbox 813 2554 870 2586; x_wconf 87' lang='lat' dir='ltr'>the</span> <span class='ocrx_word' id='word_1_320' title='bbox 889 2554 995 2586; x_wconf 81' lang='lat' dir='ltr'>whole</span> <span class='ocrx_word' id='word_1_321' title='bbox 1012 2567 1020 2595; x_wconf 82' lang='lat'>3</span> 
     </span>
     <span class='ocr_line' id='line_1_45' title="bbox 357 2599 1020 2644; baseline 0 -12"><span class='ocrx_word' id='word_1_322' title='bbox 357 2612 420 2632; x_wconf 89' lang='lat' dir='ltr'>one</span> <span class='ocrx_word' id='word_1_323' title='bbox 437 2611 588 2644; x_wconf 85' lang='lat' dir='ltr'>passage,</span> <span class='ocrx_word' id='word_1_324' title='bbox 602 2599 768 2640; x_wconf 86' lang='lat' dir='ltr'>however,</span> <span class='ocrx_word' id='word_1_325' title='bbox 782 2599 810 2632; x_wconf 83' lang='lat' dir='ltr'>is</span> <span class='ocrx_word' id='word_1_326' title='bbox 826 2599 905 2632; x_wconf 88' lang='lat' dir='ltr'>here</span> <span class='ocrx_word' id='word_1_327' title='bbox 921 2600 1020 2643; x_wconf 86' lang='lat' dir='ltr'>given</span> 
     </span>
     <span class='ocr_line' id='line_1_46' title="bbox 357 2645 1025 2678; baseline -0.001 0"><span class='ocrx_word' id='word_1_328' title='bbox 357 2657 393 2678; x_wconf 86' lang='lat' dir='ltr'>as</span> <span class='ocrx_word' id='word_1_329' title='bbox 417 2657 436 2678; x_wconf 89' lang='lat' dir='ltr'>a</span> <span class='ocrx_word' id='word_1_330' title='bbox 460 2651 631 2678; x_wconf 84' lang='lat' dir='ltr'>comment</span> <span class='ocrx_word' id='word_1_331' title='bbox 656 2656 699 2677; x_wconf 90' lang='lat' dir='ltr'>on</span> <span class='ocrx_word' id='word_1_332' title='bbox 725 2645 783 2677; x_wconf 87' lang='lat' dir='ltr'>the</span> <span class='ocrx_word' id='word_1_333' title='bbox 813 2645 962 2678; x_wconf 80' lang='lat' dir='ltr'>remarks</span> <span class='ocrx_word' id='word_1_334' title='bbox 988 2646 1025 2677; x_wconf 87' lang='lat' dir='ltr'>of</span> 
     </span>
     <span class='ocr_line' id='line_1_47' title="bbox 357 2690 1020 2733; baseline -0.002 -9"><span class='ocrx_word' id='word_1_335' title='bbox 357 2691 530 2725; x_wconf 79' lang='lat' dir='ltr'>Giraldus.</span> <span class='ocrx_word' id='word_1_336' title='bbox 593 2690 666 2723; x_wconf 89' lang='lat' dir='ltr'>The</span> <span class='ocrx_word' id='word_1_337' title='bbox 700 2690 933 2733; x_wconf 85' lang='lat' dir='ltr'>Archdeacon,</span> <span class='ocrx_word' id='word_1_338' title='bbox 963 2690 1020 2723; x_wconf 83' lang='lat' dir='ltr'>ad-</span> 
     </span>
     <span class='ocr_line' id='line_1_48' title="bbox 357 2736 1019 2781; baseline -0.002 -11"><span class='ocrx_word' id='word_1_339' title='bbox 357 2737 509 2781; x_wconf 85' lang='lat' dir='ltr'>dressing</span> <span class='ocrx_word' id='word_1_340' title='bbox 536 2736 594 2769; x_wconf 84' lang='lat' dir='ltr'>the</span> <span class='ocrx_word' id='word_1_341' title='bbox 628 2736 731 2781; x_wconf 86' lang='lat' dir='ltr'>King,</span> <span class='ocrx_word' id='word_1_342' title='bbox 761 2748 838 2781; x_wconf 86' lang='lat' dir='ltr'>says</span> <span class='ocrx_word' id='word_1_343' title='bbox 870 2742 905 2769; x_wconf 89' lang='lat' dir='ltr'>to</span> <span class='ocrx_word' id='word_1_344' title='bbox 937 2736 1019 2779; x_wconf 85' lang='lat' dir='ltr'>him,</span> 
     </span>
     <span class='ocr_line' id='line_1_49' title="bbox 357 2782 1019 2827; baseline 0 -12"><span class='ocrx_word' id='word_1_345' title='bbox 357 2785 378 2802; x_wconf 83' lang='lat'>“</span> <span class='ocrx_word' id='word_1_346' title='bbox 394 2782 456 2816; x_wconf 90' lang='lat' dir='ltr'>Let</span> <span class='ocrx_word' id='word_1_347' title='bbox 474 2783 500 2816; x_wconf 88' lang='lat' dir='ltr'>it</span> <span class='ocrx_word' id='word_1_348' title='bbox 517 2788 593 2815; x_wconf 88' lang='lat' dir='ltr'>turn</span> <span class='ocrx_word' id='word_1_349' title='bbox 619 2788 653 2815; x_wconf 83' lang='lat' dir='ltr'>to</span> <span class='ocrx_word' id='word_1_350' title='bbox 671 2794 754 2827; x_wconf 87' lang='lat' dir='ltr'>your</span> <span class='ocrx_word' id='word_1_351' title='bbox 766 2783 829 2827; x_wconf 84' lang='lat' dir='ltr'>joy</span> <span class='ocrx_word' id='word_1_352' title='bbox 847 2782 919 2815; x_wconf 89' lang='lat' dir='ltr'>that</span> <span class='ocrx_word' id='word_1_353' title='bbox 936 2782 1019 2815; x_wconf 87' lang='lat' dir='ltr'>such</span> 
     </span>
     <span class='ocr_line' id='line_1_50' title="bbox 356 2828 1017 2874; baseline 0 -12"><span class='ocrx_word' id='word_1_354' title='bbox 356 2840 376 2862; x_wconf 76' lang='lat' dir='ltr'>a</span> <span class='ocrx_word' id='word_1_355' title='bbox 400 2840 459 2863; x_wconf 84' lang='lat' dir='ltr'>son</span> <span class='ocrx_word' id='word_1_356' title='bbox 490 2828 678 2874; x_wconf 85' lang='lat' dir='ltr'>proceeded</span> <span class='ocrx_word' id='word_1_357' title='bbox 703 2828 787 2862; x_wconf 89' lang='lat' dir='ltr'>from</span> <span class='ocrx_word' id='word_1_358' title='bbox 812 2840 894 2873; x_wconf 89' lang='lat' dir='ltr'>your</span> <span class='ocrx_word' id='word_1_359' title='bbox 919 2828 1017 2872; x_wconf 85' lang='lat' dir='ltr'>leins,</span> 
     </span>
    </p>
   </div>
   <div class='ocr_carea' id='block_1_8' title="bbox 1078 2554 1750 2876">
    <p class='ocr_par' dir='ltr' id='par_1_10' title="bbox 1078 2554 1750 2876">
     <span class='ocr_line' id='line_1_51' title="bbox 1082 2554 1750 2601; baseline 0.004 -15"><span class='ocrx_word' id='word_1_360' title='bbox 1082 2555 1248 2598; x_wconf 85' lang='lat' dir='ltr'>penitent,</span> <span class='ocrx_word' id='word_1_361' title='bbox 1268 2555 1476 2599; x_wconf 80' lang='lat' dir='ltr'>renouneing</span> <span class='ocrx_word' id='word_1_362' title='bbox 1494 2554 1535 2587; x_wconf 79' lang='lat' dir='ltr'>all</span> <span class='ocrx_word' id='word_1_363' title='bbox 1564 2555 1620 2587; x_wconf 87' lang='lat' dir='ltr'>the</span> <span class='ocrx_word' id='word_1_364' title='bbox 1638 2556 1750 2601; x_wconf 84' lang='lat' dir='ltr'>things</span> 
     </span>
     <span class='ocr_line' id='line_1_52' title="bbox 1083 2600 1749 2644; baseline 0.005 -12"><span class='ocrx_word' id='word_1_365' title='bbox 1083 2601 1120 2632; x_wconf 89' lang='lat' dir='ltr'>of</span> <span class='ocrx_word' id='word_1_366' title='bbox 1134 2600 1201 2633; x_wconf 86' lang='lat' dir='ltr'>this</span> <span class='ocrx_word' id='word_1_367' title='bbox 1222 2601 1333 2644; x_wconf 84' lang='lat' dir='ltr'>world,</span> <span class='ocrx_word' id='word_1_368' title='bbox 1354 2600 1500 2634; x_wconf 81' lang='lat' dir='ltr'>Christ&#39;s</span> <span class='ocrx_word' id='word_1_369' title='bbox 1518 2606 1591 2633; x_wconf 84' lang='lat' dir='ltr'>true</span> <span class='ocrx_word' id='word_1_370' title='bbox 1614 2601 1749 2636; x_wconf 62' lang='lat' dir='ltr'>soldier⁶</span> 
     </span>
     <span class='ocr_line' id='line_1_53' title="bbox 1084 2645 1748 2696; baseline 0.005 -18"><span class='ocrx_word' id='word_1_371' title='bbox 1084 2645 1138 2678; x_wconf 92' lang='lat' dir='ltr'>He</span> <span class='ocrx_word' id='word_1_372' title='bbox 1164 2646 1225 2679; x_wconf 84' lang='lat' dir='ltr'>left</span> <span class='ocrx_word' id='word_1_373' title='bbox 1243 2658 1309 2691; x_wconf 89' lang='lat' dir='ltr'>you</span> <span class='ocrx_word' id='word_1_374' title='bbox 1334 2658 1387 2696; x_wconf 72' lang='lat' dir='ltr'>an¹</span> <span class='ocrx_word' id='word_1_375' title='bbox 1402 2646 1557 2691; x_wconf 83' lang='lat' dir='ltr'>example</span> <span class='ocrx_word' id='word_1_376' title='bbox 1586 2647 1658 2680; x_wconf 88' lang='lat' dir='ltr'>that</span> <span class='ocrx_word' id='word_1_377' title='bbox 1682 2659 1748 2692; x_wconf 88' lang='lat' dir='ltr'>you</span> 
     </span>
     <span class='ocr_line' id='line_1_54' title="bbox 1082 2691 1747 2737; baseline 0.003 -13"><span class='ocrx_word' id='word_1_378' title='bbox 1082 2691 1203 2725; x_wconf 83' lang='lat' dir='ltr'>should</span> <span class='ocrx_word' id='word_1_379' title='bbox 1229 2692 1340 2725; x_wconf 89' lang='lat' dir='ltr'>follow</span> <span class='ocrx_word' id='word_1_380' title='bbox 1364 2692 1417 2725; x_wconf 85' lang='lat' dir='ltr'>his</span> <span class='ocrx_word' id='word_1_381' title='bbox 1446 2699 1548 2737; x_wconf 84' lang='lat' dir='ltr'>steps.</span> <span class='ocrx_word' id='word_1_382' title='bbox 1599 2692 1635 2725; x_wconf 94' lang='lat' dir='ltr'>N</span> <span class='ocrx_word' id='word_1_383' title='bbox 1639 2705 1657 2725; x_wconf 91' lang='lat'>0</span> <span class='ocrx_word' id='word_1_384' title='bbox 1683 2705 1747 2726; x_wconf 89' lang='grc'><strong>0110</strong></span> 
     </span>
     <span class='ocr_line' id='line_1_55' title="bbox 1081 2738 1745 2781; baseline 0.003 -11"><span class='ocrx_word' id='word_1_385' title='bbox 1081 2748 1149 2770; x_wconf 83' lang='lat' dir='ltr'>was</span> <span class='ocrx_word' id='word_1_386' title='bbox 1178 2749 1270 2771; x_wconf 86' lang='lat' dir='ltr'>more</span> <span class='ocrx_word' id='word_1_387' title='bbox 1300 2738 1440 2771; x_wconf 88' lang='lat' dir='ltr'>humble</span> <span class='ocrx_word' id='word_1_388' title='bbox 1468 2738 1502 2771; x_wconf 89' lang='lat' dir='ltr'>in</span> <span class='ocrx_word' id='word_1_389' title='bbox 1529 2738 1745 2781; x_wconf 85' lang='lat' dir='ltr'>eonfession3</span> 
     </span>
     <span class='ocr_line' id='line_1_56' title="bbox 1081 2784 1745 2818; baseline 0.003 -2"><span class='ocrx_word' id='word_1_390' title='bbox 1081 2794 1173 2816; x_wconf 89' lang='lat' dir='ltr'>more</span> <span class='ocrx_word' id='word_1_391' title='bbox 1202 2784 1344 2817; x_wconf 75' lang='lat' dir='ltr'>contrite</span> <span class='ocrx_word' id='word_1_392' title='bbox 1379 2784 1412 2816; x_wconf 89' lang='lat' dir='ltr'>in</span> <span class='ocrx_word' id='word_1_393' title='bbox 1442 2784 1494 2817; x_wconf 92' lang='lat' dir='ltr'>his</span> <span class='ocrx_word' id='word_1_394' title='bbox 1521 2784 1745 2818; x_wconf 81' lang='lat' dir='ltr'>sels-aecusa-</span> 
     </span>
     <span class='ocr_line' id='line_1_57' title="bbox 1078 2829 1739 2876; baseline 0.003 -14"><span class='ocrx_word' id='word_1_395' title='bbox 1078 2829 1174 2871; x_wconf 82' lang='lat' dir='ltr'>tion3</span> <span class='ocrx_word' id='word_1_396' title='bbox 1199 2842 1291 2864; x_wconf 86' lang='lat' dir='ltr'>more</span> <span class='ocrx_word' id='word_1_397' title='bbox 1318 2830 1440 2864; x_wconf 84' lang='lat' dir='ltr'>devout</span> <span class='ocrx_word' id='word_1_398' title='bbox 1468 2830 1501 2863; x_wconf 91' lang='lat' dir='ltr'>in</span> <span class='ocrx_word' id='word_1_399' title='bbox 1526 2830 1578 2864; x_wconf 90' lang='lat' dir='ltr'>his</span> <span class='ocrx_word' id='word_1_400' title='bbox 1606 2837 1739 2876; x_wconf 85' lang='lat' dir='ltr'>repent—</span> 
     </span>
    </p>
   </div>
  </div>
 </body>
</html>
