<?xml version="1.0" encoding="UTF-8"?>
<!DOCTYPE html PUBLIC "-//W3C//DTD XHTML 1.0 Transitional//EN"
    "http://www.w3.org/TR/xhtml1/DTD/xhtml1-transitional.dtd">
<html xmlns="http://www.w3.org/1999/xhtml" xml:lang="en" lang="en">
 <head>
  <title>
</title>
<meta http-equiv="Content-Type" content="text/html;charset=utf-8" />
  <meta name='ocr-system' content='tesseract 3.04.00' />
  <meta name='ocr-capabilities' content='ocr_page ocr_carea ocr_par ocr_line ocrx_word'/>
</head>
<body>
  <div class='ocr_page' id='page_1' title='image "./giralduscambrens03girauoft_0048.png"; bbox 0 0 1908 3135; ppageno 0'>
   <div class='ocr_carea' id='block_1_1' title="bbox 868 282 1115 316">
    <p class='ocr_par' dir='ltr' id='par_1_1' title="bbox 868 282 1115 316">
     <span class='ocr_line' id='line_1_1' title="bbox 868 282 1115 316; baseline -0.016 0"><span class='ocrx_word' id='word_1_1' title='bbox 868 282 1115 316; x_wconf 89' lang='lat' dir='ltr'><strong>CAPITULA.</strong></span> 
     </span>
    </p>
   </div>
   <div class='ocr_carea' id='block_1_2' title="bbox 369 378 1689 437">
    <p class='ocr_par' dir='ltr' id='par_1_2' title="bbox 369 378 1689 437">
     <span class='ocr_line' id='line_1_2' title="bbox 369 378 1689 437; baseline -0.004 -14"><span class='ocrx_word' id='word_1_2' title='bbox 369 395 461 424; x_wconf 76' lang='lat' dir='ltr'><strong>XIV.</strong></span> <span class='ocrx_word' id='word_1_3' title='bbox 495 382 625 426; x_wconf 81' lang='lat' dir='ltr'>Quod</span> <span class='ocrx_word' id='word_1_4' title='bbox 644 384 754 424; x_wconf 87' lang='lat' dir='ltr'>sicut</span> <span class='ocrx_word' id='word_1_5' title='bbox 774 383 947 437; x_wconf 92' lang='lat' dir='ltr'>flagellis</span> <span class='ocrx_word' id='word_1_6' title='bbox 968 390 1011 424; x_wconf 92' lang='lat' dir='ltr'>et</span> <span class='ocrx_word' id='word_1_7' title='bbox 1030 381 1369 429; x_wconf 85' lang='lat' dir='ltr'>revelationibus,</span> <span class='ocrx_word' id='word_1_8' title='bbox 1391 380 1448 420; x_wconf 90' lang='lat' dir='ltr'>sic</span> <span class='ocrx_word' id='word_1_9' title='bbox 1470 385 1513 419; x_wconf 89' lang='lat' dir='ltr'>et</span> <span class='ocrx_word' id='word_1_10' title='bbox 1532 378 1689 419; x_wconf 91' lang='lat' dir='ltr'>benefi-</span> 
     </span>
    </p>
   </div>
   <div class='ocr_carea' id='block_1_3' title="bbox 393 596 451 623">
    <p class='ocr_par' dir='ltr' id='par_1_3' title="bbox 393 596 451 623">
     <span class='ocr_line' id='line_1_3' title="bbox 393 596 451 623; baseline -0.017 0"><span class='ocrx_word' id='word_1_11' title='bbox 393 596 451 623; x_wconf 90' lang='lat' dir='ltr'>XV</span> 
     </span>
    </p>
   </div>
   <div class='ocr_carea' id='block_1_4' title="bbox 376 730 467 758">
    <p class='ocr_par' dir='ltr' id='par_1_4' title="bbox 376 730 467 758">
     <span class='ocr_line' id='line_1_4' title="bbox 376 730 467 758; baseline 0 -1"><span class='ocrx_word' id='word_1_12' title='bbox 376 730 467 758; x_wconf 81' lang='lat' dir='ltr'><strong>XVI.</strong></span> 
     </span>
    </p>
   </div>
   <div class='ocr_carea' id='block_1_5' title="bbox 359 932 469 960">
    <p class='ocr_par' dir='ltr' id='par_1_5' title="bbox 359 932 469 960">
     <span class='ocr_line' id='line_1_5' title="bbox 359 932 469 960; baseline 0.009 -1"><span class='ocrx_word' id='word_1_13' title='bbox 359 932 469 960; x_wconf 82' lang='lat' dir='ltr'><strong>XVII.</strong></span> 
     </span>
    </p>
   </div>
   <div class='ocr_carea' id='block_1_6' title="bbox 341 1066 470 1093">
    <p class='ocr_par' dir='ltr' id='par_1_6' title="bbox 341 1066 470 1093">
     <span class='ocr_line' id='line_1_6' title="bbox 341 1066 470 1093; baseline -0.008 0"><span class='ocrx_word' id='word_1_14' title='bbox 341 1066 470 1093; x_wconf 83' lang='lat' dir='ltr'><strong>XVIII.</strong></span> 
     </span>
    </p>
   </div>
   <div class='ocr_carea' id='block_1_7' title="bbox 375 1201 469 1228">
    <p class='ocr_par' dir='ltr' id='par_1_7' title="bbox 375 1201 469 1228">
     <span class='ocr_line' id='line_1_7' title="bbox 375 1201 469 1228; baseline 0.011 -1"><span class='ocrx_word' id='word_1_15' title='bbox 375 1201 469 1228; x_wconf 82' lang='lat' dir='ltr'>xlx.</span> 
     </span>
    </p>
   </div>
   <div class='ocr_carea' id='block_1_8' title="bbox 388 1268 465 1294">
    <p class='ocr_par' dir='ltr' id='par_1_8' title="bbox 388 1268 465 1294">
     <span class='ocr_line' id='line_1_8' title="bbox 388 1268 465 1294; baseline 0.013 -1"><span class='ocrx_word' id='word_1_16' title='bbox 388 1268 465 1294; x_wconf 83' lang='lat' dir='ltr'>XX.</span> 
     </span>
    </p>
   </div>
   <div class='ocr_carea' id='block_1_9' title="bbox 376 1334 470 1361">
    <p class='ocr_par' dir='ltr' id='par_1_9' title="bbox 376 1334 470 1361">
     <span class='ocr_line' id='line_1_9' title="bbox 376 1334 470 1361; baseline -0.011 0"><span class='ocrx_word' id='word_1_17' title='bbox 376 1334 470 1361; x_wconf 85' lang='lat' dir='ltr'><strong>XXI.</strong></span> 
     </span>
    </p>
   </div>
   <div class='ocr_carea' id='block_1_10' title="bbox 358 1469 471 1496">
    <p class='ocr_par' dir='ltr' id='par_1_10' title="bbox 358 1469 471 1496">
     <span class='ocr_line' id='line_1_10' title="bbox 358 1469 471 1496; baseline 0 0"><span class='ocrx_word' id='word_1_18' title='bbox 358 1469 471 1496; x_wconf 86' lang='lat' dir='ltr'><strong>XXII.</strong></span> 
     </span>
    </p>
   </div>
   <div class='ocr_carea' id='block_1_11' title="bbox 339 1603 471 1631">
    <p class='ocr_par' dir='ltr' id='par_1_11' title="bbox 339 1603 471 1631">
     <span class='ocr_line' id='line_1_11' title="bbox 339 1603 471 1631; baseline 0.008 -1"><span class='ocrx_word' id='word_1_19' title='bbox 339 1603 471 1631; x_wconf 82' lang='lat' dir='ltr'><strong>XXIII.</strong></span> 
     </span>
    </p>
   </div>
   <div class='ocr_carea' id='block_1_12' title="bbox 349 1670 472 1698">
    <p class='ocr_par' dir='ltr' id='par_1_12' title="bbox 349 1670 472 1698">
     <span class='ocr_line' id='line_1_12' title="bbox 349 1670 472 1698; baseline 0.008 -1"><span class='ocrx_word' id='word_1_20' title='bbox 349 1670 472 1698; x_wconf 83' lang='lat' dir='ltr'><strong>XXIV.</strong></span> 
     </span>
    </p>
   </div>
   <div class='ocr_carea' id='block_1_13' title="bbox 369 1872 476 1900">
    <p class='ocr_par' dir='ltr' id='par_1_13' title="bbox 369 1872 476 1900">
     <span class='ocr_line' id='line_1_13' title="bbox 369 1872 476 1900; baseline 0.009 -1"><span class='ocrx_word' id='word_1_21' title='bbox 369 1872 476 1900; x_wconf 81' lang='lat' dir='ltr'><strong>XXV.</strong></span> 
     </span>
    </p>
   </div>
   <div class='ocr_carea' id='block_1_14' title="bbox 352 2006 476 2034">
    <p class='ocr_par' dir='ltr' id='par_1_14' title="bbox 352 2006 476 2034">
     <span class='ocr_line' id='line_1_14' title="bbox 352 2006 476 2034; baseline 0.016 -2"><span class='ocrx_word' id='word_1_22' title='bbox 352 2006 476 2034; x_wconf 78' lang='lat' dir='ltr'><strong>XXVI.</strong></span> 
     </span>
    </p>
   </div>
   <div class='ocr_carea' id='block_1_15' title="bbox 333 2139 477 2166">
    <p class='ocr_par' dir='ltr' id='par_1_15' title="bbox 333 2139 477 2166">
     <span class='ocr_line' id='line_1_15' title="bbox 333 2139 477 2166; baseline -0.007 0"><span class='ocrx_word' id='word_1_23' title='bbox 333 2139 477 2166; x_wconf 84' lang='lat' dir='ltr'><strong>XXVII.</strong></span> 
     </span>
    </p>
   </div>
   <div class='ocr_carea' id='block_1_16' title="bbox 317 2273 479 2300">
    <p class='ocr_par' dir='ltr' id='par_1_16' title="bbox 317 2273 479 2300">
     <span class='ocr_line' id='line_1_16' title="bbox 317 2273 479 2300; baseline 0.006 -1"><span class='ocrx_word' id='word_1_24' title='bbox 317 2273 479 2300; x_wconf 80' lang='lat' dir='ltr'><strong>XXVIII·</strong></span> 
     </span>
    </p>
   </div>
   <div class='ocr_carea' id='block_1_17' title="bbox 353 2476 467 2637">
    <p class='ocr_par' dir='ltr' id='par_1_17' title="bbox 353 2476 467 2637">
     <span class='ocr_line' id='line_1_17' title="bbox 355 2476 467 2502; baseline 0 0"><span class='ocrx_word' id='word_1_25' title='bbox 355 2476 467 2502; x_wconf 86' lang='lat' dir='ltr'><strong>XXIX</strong></span> 
     </span>
     <span class='ocr_line' id='line_1_18' title="bbox 373 2545 467 2569; baseline 0 0"><span class='ocrx_word' id='word_1_26' title='bbox 373 2545 467 2569; x_wconf 88' lang='lat' dir='ltr'>XXX</span> 
     </span>
     <span class='ocr_line' id='line_1_19' title="bbox 353 2610 466 2637; baseline -0.009 0"><span class='ocrx_word' id='word_1_27' title='bbox 353 2610 466 2637; x_wconf 85' lang='lat' dir='ltr'><strong>XXXI</strong></span> 
     </span>
    </p>
   </div>
   <div class='ocr_carea' id='block_1_18' title="bbox 457 446 1707 2716">
    <p class='ocr_par' dir='ltr' id='par_1_18' title="bbox 554 446 1689 557">
     <span class='ocr_line' id='line_1_20' title="bbox 554 446 1689 504; baseline -0.004 -14"><span class='ocrx_word' id='word_1_28' title='bbox 554 449 628 490; x_wconf 90' lang='lat' dir='ltr'>ciis</span> <span class='ocrx_word' id='word_1_29' title='bbox 648 450 877 500; x_wconf 88' lang='lat' dir='ltr'>interdum,</span> <span class='ocrx_word' id='word_1_30' title='bbox 897 457 940 490; x_wconf 92' lang='lat' dir='ltr'>et</span> <span class='ocrx_word' id='word_1_31' title='bbox 962 449 1081 504; x_wconf 86' lang='lat' dir='ltr'>quasi</span> <span class='ocrx_word' id='word_1_32' title='bbox 1107 447 1337 497; x_wconf 86' lang='lat' dir='ltr'>blanditiis,</span> <span class='ocrx_word' id='word_1_33' title='bbox 1361 446 1572 488; x_wconf 86' lang='lat' dir='ltr'>Dominus</span> <span class='ocrx_word' id='word_1_34' title='bbox 1592 460 1689 486; x_wconf 89' lang='lat' dir='ltr'>eum</span> 
     </span>
     <span class='ocr_line' id='line_1_21' title="bbox 554 516 1173 557; baseline -0.002 0"><span class='ocrx_word' id='word_1_35' title='bbox 554 517 606 556; x_wconf 89' lang='lat' dir='ltr'>ad</span> <span class='ocrx_word' id='word_1_36' title='bbox 626 517 938 557; x_wconf 85' lang='lat' dir='ltr'>conversionem</span> <span class='ocrx_word' id='word_1_37' title='bbox 959 516 1173 557; x_wconf 66' lang='lat' dir='ltr'>excitavit.</span> 
     </span>
    </p>

    <p class='ocr_par' dir='ltr' id='par_1_19' title="bbox 457 579 1690 705">
     <span class='ocr_line' id='line_1_22' title="bbox 457 579 1690 637; baseline -0.004 -13"><span class='ocrx_word' id='word_1_38' title='bbox 457 614 466 623; x_wconf 91' lang='lat'><strong>.</strong></span> <span class='ocrx_word' id='word_1_39' title='bbox 499 583 678 623; x_wconf 88' lang='lat' dir='ltr'>Litterae</span> <span class='ocrx_word' id='word_1_40' title='bbox 706 584 967 624; x_wconf 84' lang='lat' dir='ltr'>concordiam</span> <span class='ocrx_word' id='word_1_41' title='bbox 996 583 1129 637; x_wconf 86' lang='lat' dir='ltr'>Regis</span> <span class='ocrx_word' id='word_1_42' title='bbox 1161 582 1338 624; x_wconf 90' lang='lat' dir='ltr'>Henrici</span> <span class='ocrx_word' id='word_1_43' title='bbox 1366 596 1461 622; x_wconf 90' lang='lat' dir='ltr'>cum</span> <span class='ocrx_word' id='word_1_44' title='bbox 1489 579 1690 634; x_wconf 90' lang='lat' dir='ltr'>Philippo</span> 
     </span>
     <span class='ocr_line' id='line_1_23' title="bbox 559 650 995 705; baseline 0 -14"><span class='ocrx_word' id='word_1_45' title='bbox 559 650 678 704; x_wconf 84' lang='lat' dir='ltr'>Rege</span> <span class='ocrx_word' id='word_1_46' title='bbox 700 658 995 705; x_wconf 64' lang='lat' dir='ltr'>protestantes</span> 
     </span>
    </p>

    <p class='ocr_par' dir='ltr' id='par_1_20' title="bbox 502 713 1693 906">
     <span class='ocr_line' id='line_1_24' title="bbox 502 713 1690 773; baseline -0.005 -14"><span class='ocrx_word' id='word_1_47' title='bbox 502 717 679 759; x_wconf 89' lang='lat' dir='ltr'>Litterae</span> <span class='ocrx_word' id='word_1_48' title='bbox 696 733 842 773; x_wconf 90' lang='lat' dir='ltr'>pacem</span> <span class='ocrx_word' id='word_1_49' title='bbox 856 725 899 758; x_wconf 90' lang='lat' dir='ltr'>et</span> <span class='ocrx_word' id='word_1_50' title='bbox 915 717 1178 758; x_wconf 84' lang='lat' dir='ltr'>concordiam</span> <span class='ocrx_word' id='word_1_51' title='bbox 1195 716 1306 757; x_wconf 90' lang='lat' dir='ltr'>inter</span> <span class='ocrx_word' id='word_1_52' title='bbox 1320 715 1484 769; x_wconf 85' lang='lat' dir='ltr'>Regem</span> <span class='ocrx_word' id='word_1_53' title='bbox 1501 713 1690 755; x_wconf 88' lang='lat' dir='ltr'>Franciae</span> 
     </span>
     <span class='ocr_line' id='line_1_25' title="bbox 559 780 1693 838; baseline -0.004 -13"><span class='ocrx_word' id='word_1_54' title='bbox 559 793 602 826; x_wconf 90' lang='lat' dir='ltr'>et</span> <span class='ocrx_word' id='word_1_55' title='bbox 622 785 819 826; x_wconf 88' lang='lat' dir='ltr'>comitem</span> <span class='ocrx_word' id='word_1_56' title='bbox 837 784 1048 826; x_wconf 87' lang='lat' dir='ltr'>Flandriae</span> <span class='ocrx_word' id='word_1_57' title='bbox 1068 799 1144 838; x_wconf 88' lang='lat' dir='ltr'>per</span> <span class='ocrx_word' id='word_1_58' title='bbox 1165 783 1329 837; x_wconf 87' lang='lat' dir='ltr'>Regem</span> <span class='ocrx_word' id='word_1_59' title='bbox 1352 781 1588 823; x_wconf 87' lang='lat' dir='ltr'>Henricum</span> <span class='ocrx_word' id='word_1_60' title='bbox 1608 780 1693 821; x_wconf 87' lang='lat' dir='ltr'>fac-</span> 
     </span>
     <span class='ocr_line' id='line_1_26' title="bbox 560 858 959 906; baseline 0 -14"><span class='ocrx_word' id='word_1_61' title='bbox 560 858 645 892; x_wconf 91' lang='lat' dir='ltr'>tam</span> <span class='ocrx_word' id='word_1_62' title='bbox 663 858 959 906; x_wconf 75' lang='lat' dir='ltr'>protestantes·</span> 
     </span>
    </p>

    <p class='ocr_par' dir='ltr' id='par_1_21' title="bbox 502 914 1694 1039">
     <span class='ocr_line' id='line_1_27' title="bbox 502 914 1694 972; baseline -0.004 -13"><span class='ocrx_word' id='word_1_63' title='bbox 502 918 680 960; x_wconf 90' lang='lat' dir='ltr'>Litterae</span> <span class='ocrx_word' id='word_1_64' title='bbox 713 926 1012 959; x_wconf 87' lang='lat' dir='ltr'>testamentum</span> <span class='ocrx_word' id='word_1_65' title='bbox 1050 918 1182 972; x_wconf 90' lang='lat' dir='ltr'>Regis</span> <span class='ocrx_word' id='word_1_66' title='bbox 1218 917 1395 958; x_wconf 89' lang='lat' dir='ltr'>Henrici</span> <span class='ocrx_word' id='word_1_67' title='bbox 1430 915 1542 970; x_wconf 88' lang='lat' dir='ltr'>apud</span> <span class='ocrx_word' id='word_1_68' title='bbox 1574 914 1694 955; x_wconf 83' lang='lat' dir='ltr'>Wal-</span> 
     </span>
     <span class='ocr_line' id='line_1_28' title="bbox 559 985 1432 1039; baseline 0 -15"><span class='ocrx_word' id='word_1_69' title='bbox 559 985 674 1025; x_wconf 87' lang='lat' dir='ltr'>tham</span> <span class='ocrx_word' id='word_1_70' title='bbox 695 986 940 1026; x_wconf 87' lang='lat' dir='ltr'>sollenniter</span> <span class='ocrx_word' id='word_1_71' title='bbox 959 985 1118 1026; x_wconf 86' lang='lat' dir='ltr'>factum</span> <span class='ocrx_word' id='word_1_72' title='bbox 1138 991 1432 1039; x_wconf 82' lang='lat' dir='ltr'>protestantes.</span> 
     </span>
    </p>

    <p class='ocr_par' dir='ltr' id='par_1_22' title="bbox 503 1049 1695 1174">
     <span class='ocr_line' id='line_1_29' title="bbox 503 1049 1695 1107; baseline -0.003 -14"><span class='ocrx_word' id='word_1_73' title='bbox 503 1052 571 1092; x_wconf 83' lang='lat' dir='ltr'>De</span> <span class='ocrx_word' id='word_1_74' title='bbox 608 1052 837 1107; x_wconf 88' lang='lat' dir='ltr'>privilegiis</span> <span class='ocrx_word' id='word_1_75' title='bbox 872 1068 896 1093; x_wconf 90' lang='lat' dir='ltr'>a</span> <span class='ocrx_word' id='word_1_76' title='bbox 935 1053 1104 1093; x_wconf 88' lang='lat' dir='ltr'>domino</span> <span class='ocrx_word' id='word_1_77' title='bbox 1145 1052 1263 1106; x_wconf 84' lang='lat' dir='ltr'>Papa</span> <span class='ocrx_word' id='word_1_78' title='bbox 1303 1050 1551 1091; x_wconf 82' lang='lat' dir='ltr'>Alexandro</span> <span class='ocrx_word' id='word_1_79' title='bbox 1591 1049 1695 1097; x_wconf 81' lang='lat' dir='ltr'>HL,</span> 
     </span>
     <span class='ocr_line' id='line_1_30' title="bbox 556 1118 1459 1174; baseline -0.002 -14"><span class='ocrx_word' id='word_1_80' title='bbox 556 1120 743 1160; x_wconf 85' lang='lat' dir='ltr'>maxime</span> <span class='ocrx_word' id='word_1_81' title='bbox 762 1127 936 1174; x_wconf 88' lang='lat' dir='ltr'>propter</span> <span class='ocrx_word' id='word_1_82' title='bbox 957 1119 1176 1168; x_wconf 81' lang='lat' dir='ltr'>Galenses,</span> <span class='ocrx_word' id='word_1_83' title='bbox 1198 1118 1459 1173; x_wconf 84' lang='lat' dir='ltr'>perquisitis.</span> 
     </span>
    </p>

    <p class='ocr_par' dir='ltr' id='par_1_23' title="bbox 502 1183 1694 1242">
     <span class='ocr_line' id='line_1_31' title="bbox 502 1183 1694 1242; baseline -0.004 -14"><span class='ocrx_word' id='word_1_84' title='bbox 502 1187 569 1228; x_wconf 94' lang='lat' dir='ltr'>De</span> <span class='ocrx_word' id='word_1_85' title='bbox 591 1187 820 1242; x_wconf 84' lang='lat' dir='ltr'>privilegiis</span> <span class='ocrx_word' id='word_1_86' title='bbox 841 1187 933 1228; x_wconf 84' lang='lat' dir='ltr'>aliis</span> <span class='ocrx_word' id='word_1_87' title='bbox 960 1194 1134 1242; x_wconf 90' lang='lat' dir='ltr'>propter</span> <span class='ocrx_word' id='word_1_88' title='bbox 1156 1186 1425 1241; x_wconf 81' lang='lat' dir='ltr'>Hybernicos</span> <span class='ocrx_word' id='word_1_89' title='bbox 1445 1183 1694 1239; x_wconf 77' lang='lat' dir='ltr'>impetratis,</span> 
     </span>
    </p>

    <p class='ocr_par' dir='ltr' id='par_1_24' title="bbox 500 1253 1008 1295">
     <span class='ocr_line' id='line_1_32' title="bbox 500 1253 1008 1295; baseline 0.002 -1"><span class='ocrx_word' id='word_1_90' title='bbox 500 1253 747 1295; x_wconf 88' lang='lat' dir='ltr'>Cassiliense</span> <span class='ocrx_word' id='word_1_91' title='bbox 769 1254 1008 1295; x_wconf 81' lang='lat' dir='ltr'>concilium.</span> 
     </span>
    </p>

    <p class='ocr_par' dir='ltr' id='par_1_25' title="bbox 504 1317 1698 1442">
     <span class='ocr_line' id='line_1_33' title="bbox 504 1317 1698 1375; baseline -0.004 -14"><span class='ocrx_word' id='word_1_92' title='bbox 504 1321 640 1361; x_wconf 88' lang='lat' dir='ltr'>Tituli</span> <span class='ocrx_word' id='word_1_93' title='bbox 662 1321 794 1375; x_wconf 89' lang='lat' dir='ltr'>Regis</span> <span class='ocrx_word' id='word_1_94' title='bbox 817 1320 993 1361; x_wconf 82' lang='lat' dir='ltr'>Hem-ici</span> <span class='ocrx_word' id='word_1_95' title='bbox 1013 1320 1186 1361; x_wconf 88' lang='lat' dir='ltr'>secundi</span> <span class='ocrx_word' id='word_1_96' title='bbox 1206 1320 1257 1361; x_wconf 87' lang='lat' dir='ltr'>de</span> <span class='ocrx_word' id='word_1_97' title='bbox 1278 1320 1362 1360; x_wconf 88' lang='lat' dir='ltr'>fine</span> <span class='ocrx_word' id='word_1_98' title='bbox 1385 1317 1698 1373; x_wconf 83' lang='lat' dir='ltr'>Topographiae</span> 
     </span>
     <span class='ocr_line' id='line_1_34' title="bbox 562 1387 1164 1442; baseline 0 -15"><span class='ocrx_word' id='word_1_99' title='bbox 562 1387 799 1442; x_wconf 83' lang='lat' dir='ltr'>Hyberniae</span> <span class='ocrx_word' id='word_1_100' title='bbox 822 1387 888 1427; x_wconf 91' lang='lat' dir='ltr'>hic</span> <span class='ocrx_word' id='word_1_101' title='bbox 910 1388 1164 1442; x_wconf 85' lang='lat' dir='ltr'>transcripti.</span> 
     </span>
    </p>

    <p class='ocr_par' dir='ltr' id='par_1_26' title="bbox 504 1453 1699 1577">
     <span class='ocr_line' id='line_1_35' title="bbox 504 1453 1699 1509; baseline -0.003 -13"><span class='ocrx_word' id='word_1_102' title='bbox 504 1455 571 1496; x_wconf 92' lang='lat' dir='ltr'>De</span> <span class='ocrx_word' id='word_1_103' title='bbox 592 1470 722 1509; x_wconf 86' lang='lat' dir='ltr'>regno</span> <span class='ocrx_word' id='word_1_104' title='bbox 749 1455 1136 1509; x_wconf 85' lang='lat' dir='ltr'>Hierosolymitano</span> <span class='ocrx_word' id='word_1_105' title='bbox 1166 1469 1240 1509; x_wconf 86' lang='lat' dir='ltr'>per</span> <span class='ocrx_word' id='word_1_106' title='bbox 1263 1454 1433 1495; x_wconf 82' lang='lat' dir='ltr'>Saldani</span> <span class='ocrx_word' id='word_1_107' title='bbox 1464 1453 1699 1509; x_wconf 87' lang='lat' dir='ltr'>potentiam</span> 
     </span>
     <span class='ocr_line' id='line_1_36' title="bbox 576 1522 1470 1577; baseline -0.002 -14"><span class='ocrx_word' id='word_1_108' title='bbox 576 1523 745 1564; x_wconf 87' lang='lat' dir='ltr'>interim</span> <span class='ocrx_word' id='word_1_109' title='bbox 766 1529 923 1563; x_wconf 86' lang='lat' dir='ltr'>arctato</span> <span class='ocrx_word' id='word_1_110' title='bbox 939 1523 1028 1577; x_wconf 83' lang='lat' dir='ltr'>jam</span> <span class='ocrx_word' id='word_1_111' title='bbox 1049 1522 1173 1563; x_wconf 87' lang='lat' dir='ltr'>nimis</span> <span class='ocrx_word' id='word_1_112' title='bbox 1194 1529 1238 1563; x_wconf 90' lang='lat' dir='ltr'>et</span> <span class='ocrx_word' id='word_1_113' title='bbox 1258 1536 1470 1576; x_wconf 88' lang='lat' dir='ltr'>oppresso.</span> 
     </span>
    </p>

    <p class='ocr_par' dir='ltr' id='par_1_27' title="bbox 505 1588 1697 1644">
     <span class='ocr_line' id='line_1_37' title="bbox 505 1588 1697 1644; baseline -0.003 -14"><span class='ocrx_word' id='word_1_114' title='bbox 505 1589 683 1630; x_wconf 87' lang='lat' dir='ltr'>Litterae</span> <span class='ocrx_word' id='word_1_115' title='bbox 706 1589 869 1630; x_wconf 85' lang='lat' dir='ltr'>Urbani</span> <span class='ocrx_word' id='word_1_116' title='bbox 893 1589 1022 1644; x_wconf 89' lang='lat' dir='ltr'>Papae</span> <span class='ocrx_word' id='word_1_117' title='bbox 1044 1589 1089 1629; x_wconf 89' lang='lat' dir='ltr'>in</span> <span class='ocrx_word' id='word_1_118' title='bbox 1111 1589 1312 1643; x_wconf 87' lang='lat' dir='ltr'>Angliam</span> <span class='ocrx_word' id='word_1_119' title='bbox 1333 1589 1386 1628; x_wconf 91' lang='lat' dir='ltr'>ob</span> <span class='ocrx_word' id='word_1_120' title='bbox 1409 1588 1487 1628; x_wconf 91' lang='lat' dir='ltr'>hoc</span> <span class='ocrx_word' id='word_1_121' title='bbox 1509 1588 1697 1628; x_wconf 84' lang='lat' dir='ltr'>directae.</span> 
     </span>
    </p>

    <p class='ocr_par' dir='ltr' id='par_1_28' title="bbox 506 1654 1701 1833">
     <span class='ocr_line' id='line_1_38' title="bbox 506 1654 1699 1710; baseline -0.003 -13"><span class='ocrx_word' id='word_1_122' title='bbox 506 1656 573 1698; x_wconf 94' lang='lat' dir='ltr'>De</span> <span class='ocrx_word' id='word_1_123' title='bbox 596 1656 839 1697; x_wconf 89' lang='lat' dir='ltr'>Patriarcha</span> <span class='ocrx_word' id='word_1_124' title='bbox 858 1655 1247 1710; x_wconf 86' lang='lat' dir='ltr'>Hierosolymitano</span> <span class='ocrx_word' id='word_1_125' title='bbox 1267 1662 1440 1710; x_wconf 88' lang='lat' dir='ltr'>propter</span> <span class='ocrx_word' id='word_1_126' title='bbox 1462 1654 1506 1695; x_wconf 91' lang='lat' dir='ltr'>H</span> <span class='ocrx_word' id='word_1_127' title='bbox 1511 1654 1699 1694; x_wconf 86' lang='lat' dir='ltr'>enricum</span> 
     </span>
     <span class='ocr_line' id='line_1_39' title="bbox 564 1722 1701 1778; baseline -0.003 -14"><span class='ocrx_word' id='word_1_128' title='bbox 564 1723 743 1778; x_wconf 87' lang='lat' dir='ltr'>Regem,</span> <span class='ocrx_word' id='word_1_129' title='bbox 772 1724 949 1778; x_wconf 87' lang='lat' dir='ltr'>ejusque</span> <span class='ocrx_word' id='word_1_130' title='bbox 982 1723 1232 1773; x_wconf 88' lang='lat' dir='ltr'>subsidium,</span> <span class='ocrx_word' id='word_1_131' title='bbox 1263 1723 1307 1763; x_wconf 90' lang='lat' dir='ltr'>in</span> <span class='ocrx_word' id='word_1_132' title='bbox 1341 1722 1542 1776; x_wconf 86' lang='lat' dir='ltr'>Angliam</span> <span class='ocrx_word' id='word_1_133' title='bbox 1567 1728 1701 1762; x_wconf 86' lang='lat' dir='ltr'>trans-</span> 
     </span>
     <span class='ocr_line' id='line_1_40' title="bbox 565 1791 705 1833; baseline 0.014 -2"><span class='ocrx_word' id='word_1_134' title='bbox 565 1791 705 1833; x_wconf 88' lang='lat' dir='ltr'>misso.</span> 
     </span>
    </p>

    <p class='ocr_par' dir='ltr' id='par_1_29' title="bbox 509 1856 1703 1980">
     <span class='ocr_line' id='line_1_41' title="bbox 509 1856 1703 1914; baseline -0.003 -15"><span class='ocrx_word' id='word_1_135' title='bbox 509 1858 688 1899; x_wconf 81' lang='lat' dir='ltr'>Litterae</span> <span class='ocrx_word' id='word_1_136' title='bbox 717 1857 842 1900; x_wconf 84' lang='lat' dir='ltr'>Lucii</span> <span class='ocrx_word' id='word_1_137' title='bbox 877 1859 1021 1914; x_wconf 87' lang='lat' dir='ltr'>Papae,</span> <span class='ocrx_word' id='word_1_138' title='bbox 1044 1865 1129 1900; x_wconf 92' lang='lat' dir='ltr'>tam</span> <span class='ocrx_word' id='word_1_139' title='bbox 1154 1858 1392 1899; x_wconf 90' lang='lat' dir='ltr'>monitoriae</span> <span class='ocrx_word' id='word_1_140' title='bbox 1421 1872 1548 1911; x_wconf 90' lang='lat' dir='ltr'>quam</span> <span class='ocrx_word' id='word_1_141' title='bbox 1568 1856 1703 1897; x_wconf 86' lang='lat' dir='ltr'>mina-</span> 
     </span>
     <span class='ocr_line' id='line_1_42' title="bbox 566 1926 1379 1980; baseline -0.001 -13"><span class='ocrx_word' id='word_1_142' title='bbox 566 1926 701 1976; x_wconf 88' lang='lat' dir='ltr'>toriae,</span> <span class='ocrx_word' id='word_1_143' title='bbox 724 1927 837 1980; x_wconf 88' lang='lat' dir='ltr'>Regi</span> <span class='ocrx_word' id='word_1_144' title='bbox 859 1926 1047 1967; x_wconf 90' lang='lat' dir='ltr'>Henrico</span> <span class='ocrx_word' id='word_1_145' title='bbox 1070 1934 1171 1968; x_wconf 91' lang='lat' dir='ltr'>tunc</span> <span class='ocrx_word' id='word_1_146' title='bbox 1193 1926 1379 1966; x_wconf 81' lang='lat' dir='ltr'>directae.</span> 
     </span>
    </p>

    <p class='ocr_par' dir='ltr' id='par_1_30' title="bbox 510 1990 1705 2182">
     <span class='ocr_line' id='line_1_43' title="bbox 510 1990 1702 2047; baseline -0.003 -13"><span class='ocrx_word' id='word_1_147' title='bbox 510 1992 577 2034; x_wconf 91' lang='lat' dir='ltr'>De</span> <span class='ocrx_word' id='word_1_148' title='bbox 597 1994 735 2034; x_wconf 84' lang='lat' dir='ltr'>verbis</span> <span class='ocrx_word' id='word_1_149' title='bbox 757 2002 800 2034; x_wconf 85' lang='lat' dir='ltr'>et</span> <span class='ocrx_word' id='word_1_150' title='bbox 816 1994 987 2034; x_wconf 88' lang='lat' dir='ltr'>monitis</span> <span class='ocrx_word' id='word_1_151' title='bbox 1008 1994 1136 2043; x_wconf 86' lang='lat' dir='ltr'>illius,</span> <span class='ocrx_word' id='word_1_152' title='bbox 1160 1993 1234 2047; x_wconf 90' lang='lat' dir='ltr'>qui</span> <span class='ocrx_word' id='word_1_153' title='bbox 1269 1992 1436 2046; x_wconf 86' lang='lat' dir='ltr'>scripsit</span> <span class='ocrx_word' id='word_1_154' title='bbox 1463 1991 1568 2041; x_wconf 91' lang='lat' dir='ltr'>haec,</span> <span class='ocrx_word' id='word_1_155' title='bbox 1592 1990 1702 2044; x_wconf 84' lang='lat' dir='ltr'>Regi</span> 
     </span>
     <span class='ocr_line' id='line_1_44' title="bbox 569 2058 1664 2114; baseline -0.003 -14"><span class='ocrx_word' id='word_1_156' title='bbox 569 2059 757 2100; x_wconf 85' lang='lat' dir='ltr'>Henrico</span> <span class='ocrx_word' id='word_1_157' title='bbox 779 2061 901 2101; x_wconf 88' lang='lat' dir='ltr'>dictis</span> <span class='ocrx_word' id='word_1_158' title='bbox 920 2062 962 2101; x_wconf 92' lang='lat' dir='ltr'>in</span> <span class='ocrx_word' id='word_1_159' title='bbox 984 2061 1061 2101; x_wconf 86' lang='lat' dir='ltr'>hac</span> <span class='ocrx_word' id='word_1_160' title='bbox 1083 2075 1217 2107; x_wconf 64' lang='lat' dir='ltr'>causa,</span> <span class='ocrx_word' id='word_1_161' title='bbox 1242 2061 1418 2114; x_wconf 86' lang='lat' dir='ltr'>ejusque</span> <span class='ocrx_word' id='word_1_162' title='bbox 1441 2058 1664 2112; x_wconf 86' lang='lat' dir='ltr'>responsis.</span> 
     </span>
     <span class='ocr_line' id='line_1_45' title="bbox 510 2125 1705 2182; baseline -0.002 -16"><span class='ocrx_word' id='word_1_163' title='bbox 510 2125 578 2166; x_wconf 93' lang='lat' dir='ltr'>De</span> <span class='ocrx_word' id='word_1_164' title='bbox 613 2142 814 2181; x_wconf 86' lang='lat' dir='ltr'>responso</span> <span class='ocrx_word' id='word_1_165' title='bbox 848 2127 1082 2168; x_wconf 89' lang='lat' dir='ltr'>Londoniae</span> <span class='ocrx_word' id='word_1_166' title='bbox 1115 2127 1365 2182; x_wconf 80' lang='lat' dir='ltr'>patriarchae</span> <span class='ocrx_word' id='word_1_167' title='bbox 1397 2126 1522 2175; x_wconf 84' lang='lat' dir='ltr'>facto,</span> <span class='ocrx_word' id='word_1_168' title='bbox 1545 2134 1588 2166; x_wconf 94' lang='lat' dir='ltr'>et</span> <span class='ocrx_word' id='word_1_169' title='bbox 1614 2126 1705 2179; x_wconf 89' lang='lat' dir='ltr'>ejus</span> 
     </span>
    </p>

    <p class='ocr_par' dir='ltr' id='par_1_31' title="bbox 571 2194 1139 2235">
     <span class='ocr_line' id='line_1_46' title="bbox 571 2194 1139 2235; baseline 0.002 -1"><span class='ocrx_word' id='word_1_170' title='bbox 571 2209 627 2234; x_wconf 84' lang='lat' dir='ltr'>ex</span> <span class='ocrx_word' id='word_1_171' title='bbox 648 2201 739 2234; x_wconf 93' lang='lat' dir='ltr'>toto</span> <span class='ocrx_word' id='word_1_172' title='bbox 760 2195 902 2234; x_wconf 87' lang='lat' dir='ltr'>labore</span> <span class='ocrx_word' id='word_1_173' title='bbox 922 2194 1139 2235; x_wconf 81' lang='lat' dir='ltr'>frustrato.</span> 
     </span>
    </p>

    <p class='ocr_par' dir='ltr' id='par_1_32' title="bbox 512 2259 1707 2450">
     <span class='ocr_line' id='line_1_47' title="bbox 512 2259 1706 2302; baseline -0.002 -2"><span class='ocrx_word' id='word_1_174' title='bbox 512 2260 579 2300; x_wconf 93' lang='lat' dir='ltr'>De</span> <span class='ocrx_word' id='word_1_175' title='bbox 621 2261 877 2301; x_wconf 86' lang='lat' dir='ltr'>Patriarchae</span> <span class='ocrx_word' id='word_1_176' title='bbox 914 2262 1085 2302; x_wconf 89' lang='lat' dir='ltr'>monitis</span> <span class='ocrx_word' id='word_1_177' title='bbox 1136 2268 1180 2302; x_wconf 92' lang='lat' dir='ltr'>et</span> <span class='ocrx_word' id='word_1_178' title='bbox 1218 2259 1614 2302; x_wconf 82' lang='lat' dir='ltr'>comminationibus</span> <span class='ocrx_word' id='word_1_179' title='bbox 1662 2259 1706 2298; x_wconf 92' lang='lat' dir='ltr'>in</span> 
     </span>
     <span class='ocr_line' id='line_1_48' title="bbox 572 2327 1707 2383; baseline -0.003 -15"><span class='ocrx_word' id='word_1_180' title='bbox 572 2327 737 2382; x_wconf 87' lang='lat' dir='ltr'>Regem</span> <span class='ocrx_word' id='word_1_181' title='bbox 768 2328 1004 2369; x_wconf 91' lang='lat' dir='ltr'>Henricum</span> <span class='ocrx_word' id='word_1_182' title='bbox 1034 2328 1154 2383; x_wconf 88' lang='lat' dir='ltr'>quasi</span> <span class='ocrx_word' id='word_1_183' title='bbox 1184 2327 1431 2383; x_wconf 87' lang='lat' dir='ltr'>prophetico</span> <span class='ocrx_word' id='word_1_184' title='bbox 1462 2327 1613 2380; x_wconf 85' lang='lat' dir='ltr'>spiritu</span> <span class='ocrx_word' id='word_1_185' title='bbox 1644 2333 1707 2366; x_wconf 88' lang='lat' dir='ltr'>ter</span> 
     </span>
     <span class='ocr_line' id='line_1_49' title="bbox 571 2396 756 2450; baseline -0.011 -13"><span class='ocrx_word' id='word_1_186' title='bbox 571 2396 756 2450; x_wconf 86' lang='lat' dir='ltr'>prolatis.</span> 
     </span>
    </p>

    <p class='ocr_par' dir='ltr' id='par_1_33' title="bbox 474 2460 1578 2517">
     <span class='ocr_line' id='line_1_50' title="bbox 474 2460 1578 2517; baseline 0 -15"><span class='ocrx_word' id='word_1_187' title='bbox 474 2494 484 2503; x_wconf 91' lang='lat'>.</span> <span class='ocrx_word' id='word_1_188' title='bbox 518 2463 758 2517; x_wconf 90' lang='lat' dir='ltr'>Descriptio</span> <span class='ocrx_word' id='word_1_189' title='bbox 781 2462 1021 2517; x_wconf 87' lang='lat' dir='ltr'>Anglorum</span> <span class='ocrx_word' id='word_1_190' title='bbox 1042 2463 1173 2517; x_wconf 89' lang='lat' dir='ltr'>Regis</span> <span class='ocrx_word' id='word_1_191' title='bbox 1194 2462 1370 2503; x_wconf 91' lang='lat' dir='ltr'>Henrici</span> <span class='ocrx_word' id='word_1_192' title='bbox 1391 2460 1578 2502; x_wconf 85' lang='lat' dir='ltr'>secundi.</span> 
     </span>
    </p>

    <p class='ocr_par' dir='ltr' id='par_1_34' title="bbox 473 2528 1562 2585">
     <span class='ocr_line' id='line_1_51' title="bbox 473 2528 1562 2585; baseline -0.003 -16"><span class='ocrx_word' id='word_1_193' title='bbox 473 2561 482 2570; x_wconf 91' lang='lat'>.</span> <span class='ocrx_word' id='word_1_194' title='bbox 516 2530 738 2570; x_wconf 86' lang='lat' dir='ltr'>Notabiles</span> <span class='ocrx_word' id='word_1_195' title='bbox 755 2530 799 2569; x_wconf 90' lang='lat' dir='ltr'>in</span> <span class='ocrx_word' id='word_1_196' title='bbox 823 2530 980 2584; x_wconf 88' lang='lat' dir='ltr'>Anglia</span> <span class='ocrx_word' id='word_1_197' title='bbox 1000 2531 1131 2571; x_wconf 87' lang='lat' dir='ltr'>nostri</span> <span class='ocrx_word' id='word_1_198' title='bbox 1153 2530 1352 2585; x_wconf 88' lang='lat' dir='ltr'>temporis</span> <span class='ocrx_word' id='word_1_199' title='bbox 1375 2528 1562 2569; x_wconf 74' lang='lat' dir='ltr'>eventfis.</span> 
     </span>
    </p>

    <p class='ocr_par' dir='ltr' id='par_1_35' title="bbox 472 2595 1700 2644">
     <span class='ocr_line' id='line_1_52' title="bbox 472 2595 1700 2644; baseline -0.002 -7"><span class='ocrx_word' id='word_1_200' title='bbox 472 2628 481 2637; x_wconf 91' lang='lat'><strong>.</strong></span> <span class='ocrx_word' id='word_1_201' title='bbox 516 2596 645 2638; x_wconf 85' lang='lat' dir='ltr'>Quod</span> <span class='ocrx_word' id='word_1_202' title='bbox 695 2596 728 2636; x_wconf 89' lang='lat' dir='ltr'>si</span> <span class='ocrx_word' id='word_1_203' title='bbox 771 2597 866 2636; x_wconf 86' lang='lat' dir='ltr'>finis</span> <span class='ocrx_word' id='word_1_204' title='bbox 905 2604 1133 2637; x_wconf 89' lang='lat' dir='ltr'>eventuum</span> <span class='ocrx_word' id='word_1_205' title='bbox 1174 2597 1280 2638; x_wconf 82' lang='lat' dir='ltr'>felix</span> <span class='ocrx_word' id='word_1_206' title='bbox 1318 2596 1481 2644; x_wconf 85' lang='lat' dir='ltr'>fuisset,</span> <span class='ocrx_word' id='word_1_207' title='bbox 1525 2595 1700 2634; x_wconf 81' lang='lat' dir='ltr'>historia</span> 
     </span>
    </p>

    <p class='ocr_par' dir='ltr' id='par_1_36' title="bbox 568 2663 1244 2716">
     <span class='ocr_line' id='line_1_53' title="bbox 568 2663 1244 2716; baseline 0.003 -14"><span class='ocrx_word' id='word_1_208' title='bbox 568 2678 738 2716; x_wconf 91' lang='lat' dir='ltr'>quoque</span> <span class='ocrx_word' id='word_1_209' title='bbox 759 2663 1102 2704; x_wconf 88' lang='lat' dir='ltr'>commendabilis</span> <span class='ocrx_word' id='word_1_210' title='bbox 1123 2672 1244 2705; x_wconf 86' lang='lat' dir='ltr'>esset.</span> 
     </span>
    </p>
   </div>
   <div class='ocr_carea' id='block_1_19' title="bbox 731 2811 1274 2840">
    <p class='ocr_par' dir='ltr' id='par_1_37' title="bbox 731 2811 1274 2840">
     <span class='ocr_line' id='line_1_54' title="bbox 731 2811 1274 2840; baseline 0.006 -3"><span class='ocrx_word' id='word_1_211' title='bbox 731 2811 1006 2839; x_wconf 88' lang='lat' dir='ltr'><strong>EXPLICIUNT</strong></span> <span class='ocrx_word' id='word_1_212' title='bbox 1039 2813 1274 2840; x_wconf 85' lang='lat' dir='ltr'><strong>CAPITULA.</strong></span> 
     </span>
    </p>
   </div>
  </div>
 </body>
</html>
