1908 3135
504 237 567 267 DE
601 235 952 267 INSTRUCTIONE
987 235 1265 267 PRINCIPUM.
1528 228 1572 266 (51

185 336 423 377 Christiano
453 336 672 377 imminere
693 335 944 390 periculum,
967 335 1096 375 immo
1115 335 1418 376 exterminium
1440 335 1583 375 sormi-

184 405 323 452 datur,
365 411 415 444 ut
462 418 539 458 per
575 403 794 443 brachium
844 403 971 457 regiae
1013 403 1333 457 magnitudinis,
1384 403 1582 442 membris

182 472 291 526 Ejus
321 471 592 526 impendatur
625 471 885 525 praesidium,
921 471 995 524 qui
1029 477 1071 511 te
1105 478 1155 511 ut
1188 471 1240 510 ad
1272 478 1402 511 tantae
1435 470 1580 524 glorian

181 547 225 579 et
263 538 524 594 praelationis
562 538 725 593 apicem
765 538 1019 592 pervenireS,
1057 553 1131 578 sua
1170 538 1330 592 pietate
1363 537 1579 586 concessit,

181 613 225 647 et
257 614 298 647 te
334 613 478 647 contra
512 605 578 646 sui
617 606 798 646 nominis
837 606 1154 660 impugnatores
1190 605 1372 645 nefarios
1410 619 1580 644 murum

180 673 559 728 inexpugnabilem
616 673 837 714 ordinavit.
921 673 1106 712 Proinde
1166 672 1332 712 noverit
1379 671 1580 712 serenitas

180 747 266 790 tua,
297 741 387 795 jam
418 740 573 781 crebris
613 747 656 781 et
686 740 872 781 molestis
910 755 1037 794 super
1068 740 1148 780 hoc
1180 740 1348 794 pulsata
1381 739 1578 793 quereliS,

180 808 363 862 qualiter
402 814 512 848 terra
545 807 908 862 Ierosolymitana,
945 807 1137 861 specialis
1174 806 1401 847 haereditas
1434 806 1580 846 Cruci-

179 875 282 924 fixi;
332 875 377 915 in
413 889 499 928 qua
532 881 687 915 nostrae
729 874 875 914 salutis
911 881 1012 914 sunt
1046 874 1326 928 pronunciata
1365 873 1577 926 mysteria,

180 950 224 983 et
259 943 391 996 ipsius
418 942 480 981 rei
514 941 779 981 exhibitione
807 941 1029 994 completa,
1060 956 1187 995 quam
1217 940 1296 981 Ille
1322 941 1396 994 qui
1429 948 1581 981 cuncta

181 1010 383 1059 condidit,
416 1009 461 1049 in
499 1016 655 1049 sortem
689 1024 808 1049 suam
842 1008 1044 1063 peculiari
1078 1008 1298 1062 privilegio
1329 1008 1578 1063 deputavit3

180 1077 353 1132 perfidae
373 1085 416 1117 et
431 1076 711 1131 spurcissimae
733 1077 871 1129 gentis
892 1076 1037 1116 attrita
1054 1082 1096 1115 et
1112 1075 1343 1115 convallata
1361 1075 1578 1129 pressuris,

180 1145 260 1185 nisi
297 1145 336 1184 ei
367 1144 490 1184 celeri
524 1143 711 1183 remedio
742 1150 1024 1191 succurratur,
1057 1157 1189 1196 prona
1225 1142 1280 1181 sit
1306 1142 1357 1181 ad
1388 1143 1577 1192 ruinam;

181 1220 224 1252 et
253 1212 367 1260 inde,
390 1211 505 1264 quod
535 1210 659 1258 absit,
682 1210 888 1250 sustineat
918 1209 1232 1262 irreparabilem
1263 1209 1410 1262 religio
1439 1209 1581 1249 Chris-

180 1280 294 1320 tiana
322 1280 545 1333 jacturam.
608 1276 686 1316 Ille
719 1276 831 1316 enim
869 1275 1092 1315 Saladinus
1133 1275 1266 1315 sancti
1298 1282 1341 1315 ct
1373 1276 1579 1315 tremendi

180 1346 361 1387 nominis
414 1344 739 1385 immanissimus
794 1349 1054 1397 persecutor,
1106 1342 1167 1382 ita
1222 1342 1376 1396 spiritu
1425 1342 1581 1382 furoris

179 1413 410 1462 incanduit,
435 1419 478 1452 et
507 1412 639 1452 totius
670 1411 875 1465 nequitiae
909 1425 997 1450 suae
1018 1410 1127 1450 vires
1162 1409 1214 1449 ad
1250 1409 1581 1449 internecionem

180 1481 329 1537 populi
363 1480 498 1521 fidelis
531 1486 716 1528 exercet,
748 1487 798 1519 ut
826 1478 908 1518 nisi
940 1476 1215 1518 immanitatis
1246 1478 1337 1531 ejus
1356 1475 1581 1517 vehemens

179 1550 378 1603 impetus,
402 1547 522 1602 quasi
544 1546 721 1601 objectis
757 1546 950 1586 obicibus
980 1545 1248 1599 reprimatur,
1272 1550 1427 1584 certam
1463 1559 1581 1598 spem

179 1616 465 1670 fiduciamque
505 1614 718 1668 suscipiat,
756 1613 872 1667 quod
902 1612 1098 1653 Jordanis
1130 1611 1282 1652 influat
1318 1611 1363 1651 in
1397 1627 1441 1651 os
1474 1612 1579 1666 ejus,

181 1692 226 1726 et
244 1691 354 1724 terra
369 1682 608 1737 aspersione
624 1681 779 1722 vivifici
800 1680 1016 1734 sanguinis
1037 1686 1277 1720 consecrata
1298 1678 1580 1732 spurcissimae

181 1750 493 1805 superstitionis
524 1749 658 1803 ipsius
690 1748 884 1801 contagio
905 1748 1149 1801 polluatur3
1189 1754 1231 1786 et
1253 1761 1378 1799 quam
1410 1745 1581 1798 gloriosi

181 1826 225 1859 et
255 1818 416 1858 nobiles
446 1817 775 1871 praedecessores
814 1815 879 1855 tui
916 1830 939 1854 a
970 1813 1157 1854 dominio
1188 1812 1326 1866 gentis
1350 1812 1580 1852 incredulae

181 1885 327 1926 multis
360 1884 576 1924 laboribus
621 1882 852 1935 multisque
883 1881 1080 1935 periculis
1128 1885 1393 1928 exemerunt,
1438 1893 1582 1919 rursus

181 1953 364 1993 nefando
386 1951 554 2006 tyranni
577 1949 825 2003 nequissimi
847 1948 1032 1989 dominio
1054 1948 1318 2001 subjugatur.
1381 1946 1449 1986 Ob
1475 1946 1583 1986 hanc

182 2021 328 2074 itaque
359 2017 633 2065 necessitatis,
656 2024 699 2057 et
719 2015 979 2056 imminentiS
1007 2015 1159 2055 doloris
1190 2013 1447 2062 instantiam,
1470 2028 1584 2067 mag-

183 2087 440 2128 nificentiam
473 2092 591 2126 tuam
619 2083 879 2139 Apostolicis
910 2082 1043 2123 literis
1076 2081 1278 2122 duximus
1311 2081 1582 2131 exorandam,

181 2156 266 2196 imo
299 2153 485 2195 dilatatis
517 2151 762 2207 praecordiis
797 2166 960 2191 summa
990 2149 1288 2190 acclamatione
1320 2148 1582 2203 pulsandam,

183 2230 392 2278 quatenus
417 2221 470 2261 ad
499 2221 704 2260 honorem
726 2218 867 2273 Ipsius
888 2217 1113 2272 respiciens
1137 2216 1212 2270 qui
1234 2222 1274 2256 te
1297 2215 1519 2256 constituit
1541 2215 1583 2254 in

184 2290 369 2338 sublimi,
402 2296 446 2329 et
474 2289 604 2342 juxta
638 2301 792 2326 nomen
830 2300 1093 2338 magnorum,
1128 2284 1202 2337 qui
1239 2290 1338 2323 sunt
1370 2283 1415 2322 in
1448 2283 1583 2331 terris,

182 2372 339 2398 nomen
374 2356 453 2397 tibi
485 2354 667 2395 contulit
700 2352 943 2407 gloriosum,
966 2352 1018 2391 ad
1051 2350 1352 2391 desolationem
1391 2350 1583 2404 praefatae

183 2433 307 2466 terrae
351 2423 522 2479 pietatis
565 2421 704 2461 studio
742 2427 783 2460 te
818 2426 1048 2467 convertas,
1086 2425 1129 2458 et
1168 2425 1217 2458 ut
1248 2417 1356 2471 Ejus
1391 2417 1584 2457 confusio

181 2494 225 2534 in
245 2493 323 2533 hac
351 2497 470 2547 parte
492 2489 678 2537 tollatur,
702 2487 777 2541 qui
802 2501 877 2541 pro
900 2494 940 2527 te
962 2486 1006 2526 in
1033 2485 1123 2539 ipsa
1143 2492 1254 2525 terra
1273 2484 1408 2525 voluit
1437 2484 1583 2524 haberi

182 2560 381 2609 ludibrio,
405 2572 574 2613 operam
608 2555 807 2596 adhibeas
839 2554 1072 2603 efficacem3
1107 2559 1316 2607 quatenus
1350 2552 1585 2606 praedeces-

184 2643 325 2668 sorum
349 2635 520 2667 tuorum
542 2623 719 2677 vestigia
744 2622 1009 2670 subsecutus,
1046 2635 1173 2674 quam
1212 2619 1294 2674 ipsi
1328 2634 1352 2659 a
1381 2619 1583 2673 principis

184 2696 452 2736 tenebrarum
504 2691 699 2731 faucibus
759 2697 985 2737 exuerunt,
1041 2689 1083 2728 in
1137 2687 1257 2727 cultu
1308 2686 1448 2739 magni
1500 2686 1582 2726 Dei

184 2778 259 2818 per
305 2769 422 2803 tuam
472 2758 747 2813 diligentiam,
787 2756 1019 2797 auxiliante
1061 2754 1248 2795 Domino
1299 2760 1581 2794 conservetur.
