1908 3135
396 264 476 304 146
804 273 1043 310 fflRALDUs
1079 273 1379 306 CAMBRENSIS

393 373 552 428 putavi.
615 372 724 413 Cum
744 373 856 413 enim
878 373 1077 423 Parisius‚
1100 373 1143 413 in
1168 374 1431 428 juvenilibus
1461 373 1580 413 annis
1606 372 1790 413 liberali-

394 441 473 481 bus
505 440 633 481 animi
661 440 812 480 studiis
832 440 1102 480 vehementer
1134 440 1396 493 applicaret,1
1417 439 1597 493 contigit
1626 439 1672 479 in
1698 439 1789 493 ipso

395 508 596 562 temporis
617 507 902 561 autumpnalis
933 507 1070 556 initio,
1092 514 1215 547 nocte
1238 507 1423 560 quidem,
1453 514 1496 547 et
1525 507 1659 547 noctis
1688 506 1792 546 hora

397 575 517 629 quasi
537 582 634 629 post
654 574 928 615 conticinium
961 581 1004 614 et
1039 574 1147 614 circa
1179 589 1373 628 soporem
1407 574 1604 628 primum,
1629 573 1792 627 Philip-

396 657 500 696 pum
530 648 720 682 materno
761 656 816 682 ex
857 648 980 681 utero
1021 655 1097 695 per
1127 640 1212 681 Dei
1251 640 1429 693 gratiam
1469 648 1629 681 natum.
1692 639 1792 682 Quo

397 724 564 750 rumore
595 724 671 763 per
702 709 852 749 urbem
873 708 1031 757 audito,
1055 714 1098 748 et
1130 723 1226 748 cum
1248 707 1402 761 gaudio
1433 715 1644 762 suscepto,
1668 707 1793 762 quale

398 776 464 817 vel
501 782 707 830 quantum
737 775 884 829 lingua
916 774 1120 828 explicari
1152 789 1238 814 non
1273 781 1428 828 posset,
1451 775 1592 816 statim
1630 789 1794 828 campa-

399 858 549 883 narum
598 843 786 882 omnium
828 857 904 896 per
951 841 1066 881 urbis
1107 841 1429 895 amplitudinem
1480 848 1613 882 totam
1651 849 1794 882 tantus

400 910 588 964 undique
609 924 735 949 sonus
766 916 808 949 et
829 909 998 962 clangor
1029 908 1182 962 erupit,
1205 915 1407 962 tantaque
1427 909 1650 949 luminaria
1677 924 1795 950 cerea

400 977 569 1017 fuerant
616 990 692 1029 per
732 975 892 1029 plateas
931 989 1075 1015 omnes
1111 989 1295 1024 accensa,
1333 976 1448 1029 quod
1487 975 1649 1016 sonitus
1687 975 1795 1016 tanti

402 1043 594 1097 tantique
617 1042 826 1083 tumultus
847 1042 1021 1091 insoliti,
1044 1057 1207 1082 necnon
1227 1049 1270 1082 et
1290 1042 1485 1083 nocturni
1513 1042 1685 1083 luminis
1710 1049 1795 1083 tam

401 1110 594 1151 immensi
626 1125 792 1150 causam
820 1110 1077 1163 ignorantes,
1100 1109 1217 1150 urbis
1251 1109 1494 1150 incendium
1525 1117 1627 1151 tunc
1657 1110 1796 1150 immi-

401 1193 502 1219 nere
521 1178 743 1232 putabant.
805 1177 934 1217 Unde
956 1183 998 1217 et
1019 1184 1165 1217 auctor
1186 1177 1324 1231 operis
1344 1177 1472 1231 hujus
1492 1177 1731 1218 adolescens
1752 1177 1796 1217 in

402 1246 506 1286 urbe
529 1245 717 1286 existens
749 1252 791 1285 et
813 1245 932 1298 quasi
953 1244 1202 1285 vicesimum
1233 1244 1372 1284 aetatis
1399 1259 1487 1285 suae
1508 1250 1609 1285 tunc
1640 1259 1797 1285 annum

404 1313 649 1367 adimplens,
682 1327 706 1352 a
737 1318 873 1352 stratu
903 1327 988 1365 quo
1018 1312 1224 1352 recubans
1256 1326 1479 1366 sompnum
1510 1326 1678 1366 carpere
1707 1313 1797 1365 jam

404 1388 592 1434 coeperat
626 1387 915 1433 exporrectus‚
952 1379 1005 1419 ad
1035 1379 1265 1418 fenestram
1300 1378 1412 1418 illico
1447 1378 1653 1432 prosiliit3
1701 1393 1798 1432 pro-

404 1448 669 1502 spiciensque
690 1446 796 1487 vidit
815 1446 858 1486 in
880 1446 1020 1500 platea
1039 1446 1202 1486 vetulas
1233 1446 1336 1486 duas
1367 1446 1592 1486 admodum
1619 1461 1798 1500 pauper-

405 1514 531 1563 culas,
564 1513 758 1553 manibus
799 1519 939 1553 tamen
977 1513 1089 1552 faces
1129 1527 1267 1552 cereas
1306 1512 1596 1566 praeferentes,
1631 1519 1674 1552 et
1713 1519 1799 1553 tam

404 1581 527 1621 vultu
559 1595 685 1633 quam
720 1580 907 1629 vocibus,
941 1586 1118 1633 totoque
1157 1587 1282 1633 gestu
1317 1579 1503 1633 corporis
1544 1580 1799 1629 exultantes,

405 1647 681 1701 passibusque
713 1646 918 1700 properis,
949 1654 1153 1700 tanquam
1188 1646 1268 1687 sibi
1302 1647 1481 1687 invicem
1517 1647 1724 1687 obviando
1757 1654 1800 1688 et

405 1714 684 1767 confligendO,
711 1713 974 1754 cursitantes.
1039 1714 1233 1768 Cumque
1265 1729 1431 1754 causam
1459 1721 1590 1755 tantae
1619 1729 1800 1755 commo-

406 1781 534 1821 tionis
571 1788 615 1820 et
650 1780 926 1821 exultationis
965 1781 1017 1821 ab
1055 1781 1113 1821 eis
1146 1781 1405 1835 inquisisset,
1438 1796 1581 1822 earum
1618 1797 1702 1822 una
1736 1797 1801 1823 re-

406 1848 585 1903 spiciens
607 1848 748 1889 statim
779 1854 822 1888 et
860 1849 1130 1903 respondens,
1164 1853 1189 1870 “
1208 1848 1413 1903 Regem,”
1445 1849 1599 1903 inquit,
1634 1849 1802 1889 “habe-

406 1931 499 1955 mus
538 1915 660 1956 nobis
699 1930 723 1956 a
762 1916 858 1956 Deo
897 1931 1009 1956 nunc
1050 1916 1195 1956 datum
1234 1924 1278 1957 et
1316 1917 1435 1970 regni
1468 1916 1667 1957 heredem
1706 1916 1801 1957 Deo

408 1983 592 2022 donante
631 1983 907 2036 pervalidum,
943 1999 1019 2038 per
1059 1999 1186 2037 quem
1228 1983 1317 2038 regi
1359 1991 1498 2024 vestro
1538 1984 1718 2024 dedecus
1761 1991 1804 2024 et

409 2050 651 2103 dampnum,
681 2065 810 2103 poena
847 2051 1069 2104 pudorque
1106 2051 1255 2104 gravis,
1289 2051 1534 2091 confusione
1573 2051 1730 2105 pariter
1762 2058 1806 2091 et

411 2131 599 2156 aerumna
626 2116 790 2169 plenUS,
813 2117 1059 2157 accrescet.’'
1118 2117 1184 2157 Ac
1211 2117 1245 2157 si
1279 2125 1423 2171 aperte
1453 2118 1624 2167 dixerit,
1649 2117 1805 2158 “Puer

411 2190 475 2223 est
504 2182 627 2222 nobis
658 2182 734 2222 hac
769 2190 893 2223 nocte
931 2190 1056 2224 natus
1093 2184 1167 2238 qui
1197 2191 1309 2225 certe
1345 2184 1478 2238 Regis
1513 2184 1641 2226 vestri
1663 2184 1805 2225 divino

411 2250 552 2290 favore
583 2250 758 2290 malleus
790 2250 882 2299 erit,
916 2250 1076 2304 quique
1111 2266 1230 2292 suam
1263 2267 1518 2306 suorumque
1550 2258 1806 2306 potestatem

413 2324 456 2357 et
485 2332 638 2371 pascua
670 2317 950 2371 proculdubio
981 2318 1259 2361 decurtabit.”
1321 2319 1492 2360 Sciebat
1511 2319 1624 2360 enim
1656 2319 1808 2359 mulier

413 2384 551 2438 ipsum
572 2384 790 2437 sociosque
810 2399 906 2425 suos
929 2385 979 2425 de
1001 2384 1173 2439 Angliae
1195 2401 1325 2440 regno
1347 2386 1546 2427 oriundos
1568 2402 1669 2436 esse,
1692 2387 1808 2427 ideo-

414 2466 496 2504 que
516 2451 692 2491 verbum
712 2451 791 2491 hoc
814 2452 933 2506 quasi
964 2453 1215 2507 prophetico
1245 2453 1401 2508 spiritu
1431 2454 1656 2508 prolatum,
1679 2454 1808 2494 nimia

412 2533 564 2568 nempe
595 2518 865 2571 postmodum
895 2520 1072 2560 veritate
1105 2521 1415 2576 complendum,
1437 2521 1588 2561 acriter
1621 2522 1665 2561 in
1694 2521 1808 2576 ipsos

415 2598 644 2637 eorumque
667 2584 831 2636 Regem
853 2599 956 2626 anus
978 2586 1130 2626 emisit.

462 2697 472 2717 ¹
498 2697 560 2729 See
575 2697 631 2730 the
650 2698 797 2737 troatise,
816 2698 867 2731 De
885 2699 993 2741 rebus,
1012 2699 1075 2734 διο.
1144 2702 1185 2734 be
1202 2702 1259 2735 the
1274 2703 1365 2735 natal
1391 2714 1470 2748 year
1487 2703 1525 2735 of
1537 2703 1712 2744 Giraldus3
1738 2703 1803 2736 five

416 2744 505 2786 Ang.
525 2743 598 2776 Sao.
617 2744 696 2777 467.
731 2744 842 2788 Philip
856 2756 924 2777 was
941 2745 1023 2778 born
1043 2747 1076 2779 in
1145 2759 1241 2792 years
1259 2749 1376 2782 earlier
1401 2749 1482 2782 than
1505 2749 1577 2782 that
1595 2749 1749 2792 assigned
1770 2755 1804 2781 to

419 2791 517 2822 1165.
556 2789 758 2833 According,
777 2790 952 2832 therefore,
971 2798 1005 2824 to
1020 2792 1076 2824 the
1146 2794 1172 2826 it
1198 2794 1243 2838 by
1262 2794 1440 2835 Wharton,
1462 2795 1550 2839 Ang.
1569 2795 1644 2828 Sac.
1663 2795 1698 2829 ii.
1728 2796 1807 2829 374.

415 2835 644 2879 computation
664 2835 696 2867 in
716 2835 772 2868 the
799 2842 882 2877 text,
903 2839 992 2870 1145
1010 2838 1077 2870 will
