<?xml version="1.0" encoding="UTF-8"?>
<!DOCTYPE html PUBLIC "-//W3C//DTD XHTML 1.0 Transitional//EN"
    "http://www.w3.org/TR/xhtml1/DTD/xhtml1-transitional.dtd">
<html xmlns="http://www.w3.org/1999/xhtml" xml:lang="en" lang="en">
 <head>
  <title>
</title>
<meta http-equiv="Content-Type" content="text/html;charset=utf-8" />
  <meta name='ocr-system' content='tesseract 3.04.00' />
  <meta name='ocr-capabilities' content='ocr_page ocr_carea ocr_par ocr_line ocrx_word'/>
</head>
<body>
  <div class='ocr_page' id='page_1' title='image "./giralduscambrens03girauoft_0229.png"; bbox 0 0 1908 3135; ppageno 0'>
   <div class='ocr_carea' id='block_1_1' title="bbox 181 204 1573 263">
    <p class='ocr_par' dir='ltr' id='par_1_1' title="bbox 181 204 1573 263">
     <span class='ocr_line' id='line_1_1' title="bbox 181 204 1573 263; baseline -0.003 -13"><span class='ocrx_word' id='word_1_1' title='bbox 181 204 327 263; x_wconf 62' lang='lat' dir='ltr'>APP*.]</span> <span class='ocrx_word' id='word_1_2' title='bbox 500 218 562 249; x_wconf 84' lang='lat' dir='ltr'>DE</span> <span class='ocrx_word' id='word_1_3' title='bbox 599 217 947 249; x_wconf 83' lang='lat' dir='ltr'>INSTRUCTIONE</span> <span class='ocrx_word' id='word_1_4' title='bbox 983 218 1263 250; x_wconf 80' lang='lat' dir='ltr'>PRINCIPUM.</span> <span class='ocrx_word' id='word_1_5' title='bbox 1496 210 1573 248; x_wconf 63' lang='lat'>185)</span> 
     </span>
    </p>
   </div>
   <div class='ocr_carea' id='block_1_2' title="bbox 183 314 1590 2633">
    <p class='ocr_par' dir='ltr' id='par_1_2' title="bbox 183 314 1580 823">
     <span class='ocr_line' id='line_1_2' title="bbox 243 314 1573 369; baseline -0.003 -12"><span class='ocrx_word' id='word_1_6' title='bbox 243 317 447 357; x_wconf 84' lang='lat' dir='ltr'>Processu</span> <span class='ocrx_word' id='word_1_7' title='bbox 478 331 575 356; x_wconf 85' lang='lat' dir='ltr'>vero</span> <span class='ocrx_word' id='word_1_8' title='bbox 613 316 813 369; x_wconf 75' lang='lat' dir='ltr'>temporis</span> <span class='ocrx_word' id='word_1_9' title='bbox 851 316 1050 369; x_wconf 88' lang='lat' dir='ltr'>quoniam</span> <span class='ocrx_word' id='word_1_10' title='bbox 1085 329 1239 354; x_wconf 73' lang='lat' dir='ltr'>uxores</span> <span class='ocrx_word' id='word_1_11' title='bbox 1276 315 1325 353; x_wconf 66' lang='lat' dir='ltr'>‹lv</span> <span class='ocrx_word' id='word_1_12' title='bbox 1359 314 1573 367; x_wconf 69' lang='lat' dir='ltr'>llybernia</span> 
     </span>
     <span class='ocr_line' id='line_1_3' title="bbox 183 381 1576 436; baseline -0.002 -13"><span class='ocrx_word' id='word_1_13' title='bbox 183 384 263 423; x_wconf 86' lang='lat' dir='ltr'>sibi</span> <span class='ocrx_word' id='word_1_14' title='bbox 286 383 421 423; x_wconf 89' lang='lat' dir='ltr'>vicina</span> <span class='ocrx_word' id='word_1_15' title='bbox 456 384 681 432; x_wconf 86' lang='lat' dir='ltr'>duxerant,</span> <span class='ocrx_word' id='word_1_16' title='bbox 704 397 808 436; x_wconf 86' lang='lat' dir='ltr'>quas</span> <span class='ocrx_word' id='word_1_17' title='bbox 840 397 863 421; x_wconf 89' lang='lat' dir='ltr'>a</span> <span class='ocrx_word' id='word_1_18' title='bbox 893 382 1139 422; x_wconf 79' lang='lat' dir='ltr'>Britonibns</span> <span class='ocrx_word' id='word_1_19' title='bbox 1169 381 1322 420; x_wconf 79' lang='lat' dir='ltr'>habere</span> <span class='ocrx_word' id='word_1_20' title='bbox 1352 396 1432 419; x_wconf 85' lang='lat' dir='ltr'>non</span> <span class='ocrx_word' id='word_1_21' title='bbox 1460 389 1576 433; x_wconf 81' lang='lat' dir='ltr'>pote-</span> 
     </span>
     <span class='ocr_line' id='line_1_4' title="bbox 185 447 1577 504; baseline -0.004 -14"><span class='ocrx_word' id='word_1_22' title='bbox 185 457 292 500; x_wconf 89' lang='lat' dir='ltr'>rant,</span> <span class='ocrx_word' id='word_1_23' title='bbox 324 458 494 504; x_wconf 80' lang='lat' dir='ltr'>gentem</span> <span class='ocrx_word' id='word_1_24' title='bbox 526 449 829 503; x_wconf 76' lang='lat' dir='ltr'>HybernICam,</span> <span class='ocrx_word' id='word_1_25' title='bbox 853 464 950 502; x_wconf 80' lang='lat' dir='ltr'>quae</span> <span class='ocrx_word' id='word_1_26' title='bbox 983 456 1024 488; x_wconf 88' lang='lat' dir='ltr'>et</span> <span class='ocrx_word' id='word_1_27' title='bbox 1054 448 1195 488; x_wconf 84' lang='lat' dir='ltr'>Scotia</span> <span class='ocrx_word' id='word_1_28' title='bbox 1227 448 1392 494; x_wconf 84' lang='lat' dir='ltr'>dicitur,</span> <span class='ocrx_word' id='word_1_29' title='bbox 1427 447 1504 486; x_wconf 70' lang='lat' dir='ltr'>sibi</span> <span class='ocrx_word' id='word_1_30' title='bbox 1536 447 1577 486; x_wconf 86' lang='lat' dir='ltr'>in</span> 
     </span>
     <span class='ocr_line' id='line_1_5' title="bbox 186 514 1579 569; baseline -0.004 -12"><span class='ocrx_word' id='word_1_31' title='bbox 186 517 443 557; x_wconf 84' lang='lat' dir='ltr'>consortium</span> <span class='ocrx_word' id='word_1_32' title='bbox 474 516 740 564; x_wconf 82' lang='lat' dir='ltr'>allexerunt3</span> <span class='ocrx_word' id='word_1_33' title='bbox 774 523 1022 569; x_wconf 87' lang='lat' dir='ltr'>partemque</span> <span class='ocrx_word' id='word_1_34' title='bbox 1052 521 1174 554; x_wconf 83' lang='lat' dir='ltr'>terrae</span> <span class='ocrx_word' id='word_1_35' title='bbox 1211 522 1424 567; x_wconf 79' lang='lat' dir='ltr'>occupatae</span> <span class='ocrx_word' id='word_1_36' title='bbox 1456 514 1579 552; x_wconf 86' lang='lat' dir='ltr'>mari-</span> 
     </span>
     <span class='ocr_line' id='line_1_6' title="bbox 188 579 1576 636; baseline -0.004 -13"><span class='ocrx_word' id='word_1_37' title='bbox 188 583 332 624; x_wconf 88' lang='lat' dir='ltr'>timam</span> <span class='ocrx_word' id='word_1_38' title='bbox 351 597 527 636; x_wconf 85' lang='lat' dir='ltr'>suaeque</span> <span class='ocrx_word' id='word_1_39' title='bbox 549 582 714 636; x_wconf 82' lang='lat' dir='ltr'>patriae,</span> <span class='ocrx_word' id='word_1_40' title='bbox 738 582 812 621; x_wconf 91' lang='lat' dir='ltr'>ubi</span> <span class='ocrx_word' id='word_1_41' title='bbox 845 596 957 620; x_wconf 88' lang='lat' dir='ltr'>mare</span> <span class='ocrx_word' id='word_1_42' title='bbox 989 587 1228 633; x_wconf 85' lang='lat' dir='ltr'>angustum,</span> <span class='ocrx_word' id='word_1_43' title='bbox 1262 579 1576 633; x_wconf 72' lang='lat' dir='ltr'>proximiorem,</span> 
     </span>
     <span class='ocr_line' id='line_1_7' title="bbox 189 646 1578 703; baseline -0.004 -13"><span class='ocrx_word' id='word_1_44' title='bbox 189 665 287 703; x_wconf 85' lang='lat' dir='ltr'>quae</span> <span class='ocrx_word' id='word_1_45' title='bbox 328 656 371 689; x_wconf 91' lang='lat' dir='ltr'>et</span> <span class='ocrx_word' id='word_1_46' title='bbox 411 648 646 689; x_wconf 78' lang='lat' dir='ltr'>Gralweidia</span> <span class='ocrx_word' id='word_1_47' title='bbox 682 648 851 696; x_wconf 87' lang='lat' dir='ltr'>dicitur,</span> <span class='ocrx_word' id='word_1_48' title='bbox 885 647 936 686; x_wconf 88' lang='lat' dir='ltr'>ad</span> <span class='ocrx_word' id='word_1_49' title='bbox 976 646 1251 686; x_wconf 86' lang='lat' dir='ltr'>habitandum</span> <span class='ocrx_word' id='word_1_50' title='bbox 1294 646 1578 685; x_wconf 84' lang='lat' dir='ltr'>contulerunt.</span> 
     </span>
     <span class='ocr_line' id='line_1_8' title="bbox 192 712 1580 768; baseline -0.003 -13"><span class='ocrx_word' id='word_1_51' title='bbox 192 715 280 756; x_wconf 90' lang='lat' dir='ltr'>Ubi</span> <span class='ocrx_word' id='word_1_52' title='bbox 320 722 362 756; x_wconf 89' lang='lat' dir='ltr'>et</span> <span class='ocrx_word' id='word_1_53' title='bbox 397 714 616 754; x_wconf 89' lang='lat' dir='ltr'>unanimes</span> <span class='ocrx_word' id='word_1_54' title='bbox 657 714 926 768; x_wconf 87' lang='lat' dir='ltr'>postmodum</span> <span class='ocrx_word' id='word_1_55' title='bbox 967 713 1019 753; x_wconf 88' lang='lat' dir='ltr'>ad</span> <span class='ocrx_word' id='word_1_56' title='bbox 1058 713 1254 753; x_wconf 87' lang='lat' dir='ltr'>Britones</span> <span class='ocrx_word' id='word_1_57' title='bbox 1296 712 1580 752; x_wconf 81' lang='lat' dir='ltr'>infestandum</span> 
     </span>
     <span class='ocr_line' id='line_1_9' title="bbox 195 781 1060 823; baseline 0.001 -2"><span class='ocrx_word' id='word_1_58' title='bbox 195 790 238 823; x_wconf 91' lang='lat' dir='ltr'>et</span> <span class='ocrx_word' id='word_1_59' title='bbox 257 782 362 822; x_wconf 86' lang='lat' dir='ltr'>fines</span> <span class='ocrx_word' id='word_1_60' title='bbox 383 796 481 821; x_wconf 90' lang='lat' dir='ltr'>suos</span> <span class='ocrx_word' id='word_1_61' title='bbox 502 781 763 821; x_wconf 88' lang='lat' dir='ltr'>dilatandum</span> <span class='ocrx_word' id='word_1_62' title='bbox 787 788 886 821; x_wconf 82' lang='lat' dir='ltr'>sunt</span> <span class='ocrx_word' id='word_1_63' title='bbox 907 781 1060 822; x_wconf 86' lang='lat' dir='ltr'>effecti.</span> 
     </span>
    </p>

    <p class='ocr_par' dir='ltr' id='par_1_3' title="bbox 192 847 1583 1301">
     <span class='ocr_line' id='line_1_10' title="bbox 249 847 1581 902; baseline -0.002 -14"><span class='ocrx_word' id='word_1_64' title='bbox 249 848 316 888; x_wconf 90' lang='lat' dir='ltr'>De</span> <span class='ocrx_word' id='word_1_65' title='bbox 348 848 506 902; x_wconf 87' lang='lat' dir='ltr'>quibus</span> <span class='ocrx_word' id='word_1_66' title='bbox 534 855 576 888; x_wconf 85' lang='lat' dir='ltr'>et</span> <span class='ocrx_word' id='word_1_67' title='bbox 612 847 761 888; x_wconf 87' lang='lat' dir='ltr'>Gildas</span> <span class='ocrx_word' id='word_1_68' title='bbox 796 848 1032 897; x_wconf 86' lang='lat' dir='ltr'>historicus,</span> <span class='ocrx_word' id='word_1_69' title='bbox 1069 848 1118 888; x_wconf 90' lang='lat' dir='ltr'>de</span> <span class='ocrx_word' id='word_1_70' title='bbox 1153 848 1318 888; x_wconf 82' lang='lat' dir='ltr'>excidio</span> <span class='ocrx_word' id='word_1_71' title='bbox 1358 848 1581 888; x_wconf 80' lang='lat' dir='ltr'>Britonum</span> 
     </span>
     <span class='ocr_line' id='line_1_11' title="bbox 192 913 1582 957; baseline -0.004 -1"><span class='ocrx_word' id='word_1_72' title='bbox 192 922 374 957; x_wconf 86' lang='lat' dir='ltr'>tractans</span> <span class='ocrx_word' id='word_1_73' title='bbox 424 915 483 955; x_wconf 89' lang='lat' dir='ltr'>ait</span> <span class='ocrx_word' id='word_1_74' title='bbox 502 916 529 956; x_wconf 85' lang='lat'>:¹</span> <span class='ocrx_word' id='word_1_75' title='bbox 581 914 797 954; x_wconf 79' lang='lat' dir='ltr'>“Exinde</span> <span class='ocrx_word' id='word_1_76' title='bbox 838 913 1059 953; x_wconf 82' lang='lat' dir='ltr'>Britannia</span> <span class='ocrx_word' id='word_1_77' title='bbox 1099 914 1210 954; x_wconf 89' lang='lat' dir='ltr'>omni</span> <span class='ocrx_word' id='word_1_78' title='bbox 1251 921 1410 954; x_wconf 87' lang='lat' dir='ltr'>armato</span> <span class='ocrx_word' id='word_1_79' title='bbox 1449 913 1582 953; x_wconf 84' lang='lat' dir='ltr'>milite</span> 
     </span>
     <span class='ocr_line' id='line_1_12' title="bbox 193 981 1581 1035; baseline -0.002 -13"><span class='ocrx_word' id='word_1_80' title='bbox 193 982 396 1023; x_wconf 88' lang='lat' dir='ltr'>destituta</span> <span class='ocrx_word' id='word_1_81' title='bbox 445 988 574 1035; x_wconf 85' lang='lat' dir='ltr'>atque</span> <span class='ocrx_word' id='word_1_82' title='bbox 621 981 758 1021; x_wconf 89' lang='lat' dir='ltr'>valida</span> <span class='ocrx_word' id='word_1_83' title='bbox 797 981 1025 1033; x_wconf 87' lang='lat' dir='ltr'>juventute</span> <span class='ocrx_word' id='word_1_84' title='bbox 1072 981 1192 1033; x_wconf 82' lang='lat' dir='ltr'>regni</span> <span class='ocrx_word' id='word_1_85' title='bbox 1242 981 1432 1034; x_wconf 85' lang='lat' dir='ltr'>spoliata,</span> <span class='ocrx_word' id='word_1_86' title='bbox 1485 995 1581 1032; x_wconf 79' lang='lat' dir='ltr'>quae</span> 
     </span>
     <span class='ocr_line' id='line_1_13' title="bbox 193 1046 1581 1103; baseline -0.002 -14"><span class='ocrx_word' id='word_1_87' title='bbox 193 1048 481 1103; x_wconf 87' lang='lat' dir='ltr'>supradictum</span> <span class='ocrx_word' id='word_1_88' title='bbox 518 1055 743 1101; x_wconf 86' lang='lat' dir='ltr'>tyrannum</span> <span class='ocrx_word' id='word_1_89' title='bbox 770 1046 967 1087; x_wconf 87' lang='lat' dir='ltr'>comitata</span> <span class='ocrx_word' id='word_1_90' title='bbox 1002 1047 1173 1086; x_wconf 87' lang='lat' dir='ltr'>domum</span> <span class='ocrx_word' id='word_1_91' title='bbox 1213 1062 1432 1100; x_wconf 86' lang='lat' dir='ltr'>nunquam</span> <span class='ocrx_word' id='word_1_92' title='bbox 1471 1047 1581 1086; x_wconf 88' lang='lat' dir='ltr'>ultra</span> 
     </span>
     <span class='ocr_line' id='line_1_14' title="bbox 192 1113 1583 1167; baseline -0.004 -11"><span class='ocrx_word' id='word_1_93' title='bbox 192 1116 331 1156; x_wconf 89' lang='lat' dir='ltr'>rediit.</span> <span class='ocrx_word' id='word_1_94' title='bbox 392 1115 487 1155; x_wconf 85' lang='lat' dir='ltr'>Jam</span> <span class='ocrx_word' id='word_1_95' title='bbox 516 1115 650 1155; x_wconf 88' lang='lat' dir='ltr'>omnis</span> <span class='ocrx_word' id='word_1_96' title='bbox 676 1114 777 1153; x_wconf 91' lang='lat' dir='ltr'>belli</span> <span class='ocrx_word' id='word_1_97' title='bbox 809 1128 909 1154; x_wconf 85' lang='lat' dir='ltr'>usus</span> <span class='ocrx_word' id='word_1_98' title='bbox 940 1127 1110 1167; x_wconf 85' lang='lat' dir='ltr'>prorsus</span> <span class='ocrx_word' id='word_1_99' title='bbox 1130 1113 1286 1165; x_wconf 80' lang='lat' dir='ltr'>ignara,</span> <span class='ocrx_word' id='word_1_100' title='bbox 1311 1113 1473 1152; x_wconf 86' lang='lat' dir='ltr'>duabus</span> <span class='ocrx_word' id='word_1_101' title='bbox 1498 1113 1583 1166; x_wconf 88' lang='lat' dir='ltr'>pri·</span> 
     </span>
     <span class='ocr_line' id='line_1_15' title="bbox 192 1179 1581 1236; baseline -0.003 -13"><span class='ocrx_word' id='word_1_102' title='bbox 192 1198 309 1223; x_wconf 89' lang='lat' dir='ltr'>mum</span> <span class='ocrx_word' id='word_1_103' title='bbox 341 1182 539 1236; x_wconf 84' lang='lat' dir='ltr'>gentibus</span> <span class='ocrx_word' id='word_1_104' title='bbox 568 1181 838 1221; x_wconf 89' lang='lat' dir='ltr'>vehementer</span> <span class='ocrx_word' id='word_1_105' title='bbox 873 1180 1006 1228; x_wconf 82' lang='lat' dir='ltr'>saevis‚</span> <span class='ocrx_word' id='word_1_106' title='bbox 1037 1179 1254 1219; x_wconf 82' lang='lat' dir='ltr'>Pictorum</span> <span class='ocrx_word' id='word_1_107' title='bbox 1287 1180 1337 1219; x_wconf 88' lang='lat' dir='ltr'>ab</span> <span class='ocrx_word' id='word_1_108' title='bbox 1371 1179 1581 1232; x_wconf 85' lang='lat' dir='ltr'>aquilone,</span> 
     </span>
     <span class='ocr_line' id='line_1_16' title="bbox 197 1246 1325 1301; baseline -0.004 -11"><span class='ocrx_word' id='word_1_109' title='bbox 197 1249 420 1290; x_wconf 78' lang='lat' dir='ltr'>Scotorum</span> <span class='ocrx_word' id='word_1_110' title='bbox 437 1264 460 1289; x_wconf 88' lang='lat' dir='ltr'>a</span> <span class='ocrx_word' id='word_1_111' title='bbox 472 1248 668 1296; x_wconf 85' lang='lat' dir='ltr'>circione,</span> <span class='ocrx_word' id='word_1_112' title='bbox 686 1247 869 1301; x_wconf 88' lang='lat' dir='ltr'>opprimi</span> <span class='ocrx_word' id='word_1_113' title='bbox 887 1246 1020 1300; x_wconf 86' lang='lat' dir='ltr'>coepit</span> <span class='ocrx_word' id='word_1_114' title='bbox 1042 1253 1084 1286; x_wconf 91' lang='lat' dir='ltr'>et</span> <span class='ocrx_word' id='word_1_115' title='bbox 1105 1246 1293 1286; x_wconf 87' lang='lat' dir='ltr'>calcari.”</span> <span class='ocrx_word' id='word_1_116' title='bbox 1311 1248 1325 1270; x_wconf 68' lang='lat'>2</span> 
     </span>
    </p>

    <p class='ocr_par' dir='ltr' id='par_1_4' title="bbox 196 1312 1582 1437">
     <span class='ocr_line' id='line_1_17' title="bbox 254 1312 1582 1367; baseline -0.004 -11"><span class='ocrx_word' id='word_1_117' title='bbox 254 1316 386 1356; x_wconf 89' lang='lat' dir='ltr'>Porro</span> <span class='ocrx_word' id='word_1_118' title='bbox 422 1316 472 1355; x_wconf 89' lang='lat' dir='ltr'>de</span> <span class='ocrx_word' id='word_1_119' title='bbox 510 1315 727 1354; x_wconf 86' lang='lat' dir='ltr'>Pictorum</span> <span class='ocrx_word' id='word_1_120' title='bbox 764 1320 890 1367; x_wconf 87' lang='lat' dir='ltr'>gente</span> <span class='ocrx_word' id='word_1_121' title='bbox 922 1312 1132 1366; x_wconf 86' lang='lat' dir='ltr'>pervalida</span> <span class='ocrx_word' id='word_1_122' title='bbox 1164 1319 1261 1365; x_wconf 92' lang='lat' dir='ltr'>post</span> <span class='ocrx_word' id='word_1_123' title='bbox 1293 1319 1356 1352; x_wconf 86' lang='lat' dir='ltr'>tot</span> <span class='ocrx_word' id='word_1_124' title='bbox 1391 1312 1582 1352; x_wconf 82' lang='lat' dir='ltr'>victorias</span> 
     </span>
     <span class='ocr_line' id='line_1_18' title="bbox 196 1379 1021 1437; baseline -0.005 -14"><span class='ocrx_word' id='word_1_125' title='bbox 196 1382 379 1437; x_wconf 80' lang='lat' dir='ltr'>qualiter</span> <span class='ocrx_word' id='word_1_126' title='bbox 399 1381 572 1422; x_wconf 87' lang='lat' dir='ltr'>evanuit</span> <span class='ocrx_word' id='word_1_127' title='bbox 591 1380 800 1420; x_wconf 87' lang='lat' dir='ltr'>succincte</span> <span class='ocrx_word' id='word_1_128' title='bbox 823 1379 1021 1419; x_wconf 87' lang='lat' dir='ltr'>dicemus.</span> 
     </span>
    </p>

    <p class='ocr_par' dir='ltr' id='par_1_5' title="bbox 195 1445 1590 2633">
     <span class='ocr_line' id='line_1_19' title="bbox 253 1445 1583 1503; baseline -0.002 -14"><span class='ocrx_word' id='word_1_129' title='bbox 253 1449 471 1503; x_wconf 86' lang='lat' dir='ltr'>Occupata</span> <span class='ocrx_word' id='word_1_130' title='bbox 486 1455 537 1488; x_wconf 89' lang='lat' dir='ltr'>ut</span> <span class='ocrx_word' id='word_1_131' title='bbox 558 1447 745 1488; x_wconf 83' lang='lat' dir='ltr'>diximus</span> <span class='ocrx_word' id='word_1_132' title='bbox 766 1462 789 1487; x_wconf 91' lang='lat' dir='ltr'>a</span> <span class='ocrx_word' id='word_1_133' title='bbox 812 1446 1053 1486; x_wconf 89' lang='lat' dir='ltr'>Saxonibus</span> <span class='ocrx_word' id='word_1_134' title='bbox 1074 1445 1225 1495; x_wconf 85' lang='lat' dir='ltr'>insula,</span> <span class='ocrx_word' id='word_1_135' title='bbox 1248 1446 1474 1500; x_wconf 85' lang='lat' dir='ltr'>stabilique</span> <span class='ocrx_word' id='word_1_136' title='bbox 1489 1461 1583 1486; x_wconf 85' lang='lat' dir='ltr'>cum</span> 
     </span>
     <span class='ocr_line' id='line_1_20' title="bbox 197 1513 1584 1570; baseline -0.003 -14"><span class='ocrx_word' id='word_1_137' title='bbox 197 1516 329 1556; x_wconf 86' lang='lat' dir='ltr'>Pictis</span> <span class='ocrx_word' id='word_1_138' title='bbox 364 1530 465 1570; x_wconf 87' lang='lat' dir='ltr'>pace</span> <span class='ocrx_word' id='word_1_139' title='bbox 495 1515 673 1564; x_wconf 84' lang='lat' dir='ltr'>firmata,</span> <span class='ocrx_word' id='word_1_140' title='bbox 707 1513 824 1553; x_wconf 89' lang='lat' dir='ltr'>Scoti</span> <span class='ocrx_word' id='word_1_141' title='bbox 855 1513 930 1566; x_wconf 90' lang='lat' dir='ltr'>qui</span> <span class='ocrx_word' id='word_1_142' title='bbox 964 1513 1094 1553; x_wconf 88' lang='lat' dir='ltr'>Pictis</span> <span class='ocrx_word' id='word_1_143' title='bbox 1125 1513 1326 1567; x_wconf 87' lang='lat' dir='ltr'>adjuncti,</span> <span class='ocrx_word' id='word_1_144' title='bbox 1361 1521 1403 1552; x_wconf 88' lang='lat' dir='ltr'>et</span> <span class='ocrx_word' id='word_1_145' title='bbox 1439 1514 1489 1553; x_wconf 87' lang='lat' dir='ltr'>ab</span> <span class='ocrx_word' id='word_1_146' title='bbox 1526 1513 1584 1552; x_wconf 81' lang='lat' dir='ltr'>eis</span> 
     </span>
     <span class='ocr_line' id='line_1_21' title="bbox 195 1579 1583 1628; baseline -0.004 -4"><span class='ocrx_word' id='word_1_147' title='bbox 195 1584 247 1624; x_wconf 89' lang='lat' dir='ltr'>ad</span> <span class='ocrx_word' id='word_1_148' title='bbox 270 1590 423 1624; x_wconf 87' lang='lat' dir='ltr'>terram</span> <span class='ocrx_word' id='word_1_149' title='bbox 449 1581 765 1622; x_wconf 82' lang='lat' dir='ltr'>inhabitandam</span> <span class='ocrx_word' id='word_1_150' title='bbox 787 1580 975 1620; x_wconf 83' lang='lat' dir='ltr'>accersiti</span> <span class='ocrx_word' id='word_1_151' title='bbox 997 1580 1179 1628; x_wconf 88' lang='lat' dir='ltr'>fuerant,</span> <span class='ocrx_word' id='word_1_152' title='bbox 1216 1580 1404 1620; x_wconf 79' lang='lat' dir='ltr'>videntes</span> <span class='ocrx_word' id='word_1_153' title='bbox 1428 1579 1583 1627; x_wconf 83' lang='lat' dir='ltr'>Pictos,</span> 
     </span>
     <span class='ocr_line' id='line_1_22' title="bbox 197 1647 1583 1706; baseline -0.005 -13"><span class='ocrx_word' id='word_1_154' title='bbox 197 1666 454 1706; x_wconf 88' lang='lat' dir='ltr'>quamquam</span> <span class='ocrx_word' id='word_1_155' title='bbox 485 1657 658 1705; x_wconf 86' lang='lat' dir='ltr'>propter</span> <span class='ocrx_word' id='word_1_156' title='bbox 694 1648 940 1689; x_wconf 86' lang='lat' dir='ltr'>affinitatem</span> <span class='ocrx_word' id='word_1_157' title='bbox 983 1647 1203 1687; x_wconf 82' lang='lat' dir='ltr'>Hiberniae</span> <span class='ocrx_word' id='word_1_158' title='bbox 1235 1648 1322 1701; x_wconf 88' lang='lat' dir='ltr'>jam</span> <span class='ocrx_word' id='word_1_159' title='bbox 1354 1648 1583 1701; x_wconf 83' lang='lat' dir='ltr'>pauciores,</span> 
     </span>
     <span class='ocr_line' id='line_1_23' title="bbox 195 1713 1584 1773; baseline -0.005 -13"><span class='ocrx_word' id='word_1_160' title='bbox 195 1720 319 1773; x_wconf 87' lang='lat' dir='ltr'>longe</span> <span class='ocrx_word' id='word_1_161' title='bbox 350 1726 490 1759; x_wconf 90' lang='lat' dir='ltr'>tamen</span> <span class='ocrx_word' id='word_1_162' title='bbox 514 1717 638 1757; x_wconf 87' lang='lat' dir='ltr'>armis</span> <span class='ocrx_word' id='word_1_163' title='bbox 660 1722 701 1756; x_wconf 92' lang='lat' dir='ltr'>et</span> <span class='ocrx_word' id='word_1_164' title='bbox 723 1714 986 1755; x_wconf 81' lang='lat' dir='ltr'>animositate</span> <span class='ocrx_word' id='word_1_165' title='bbox 1018 1713 1346 1767; x_wconf 86' lang='lat' dir='ltr'>praestantiores,</span> <span class='ocrx_word' id='word_1_166' title='bbox 1370 1714 1421 1754; x_wconf 85' lang='lat' dir='ltr'>ad</span> <span class='ocrx_word' id='word_1_167' title='bbox 1443 1714 1584 1754; x_wconf 84' lang='lat' dir='ltr'>solitas</span> 
     </span>
     <span class='ocr_line' id='line_1_24' title="bbox 197 1780 1585 1839; baseline -0.005 -12"><span class='ocrx_word' id='word_1_168' title='bbox 197 1793 240 1827; x_wconf 88' lang='lat' dir='ltr'>et</span> <span class='ocrx_word' id='word_1_169' title='bbox 288 1793 488 1839; x_wconf 88' lang='lat' dir='ltr'>tanquam</span> <span class='ocrx_word' id='word_1_170' title='bbox 535 1784 613 1824; x_wconf 90' lang='lat' dir='ltr'>sibi</span> <span class='ocrx_word' id='word_1_171' title='bbox 663 1783 827 1822; x_wconf 85' lang='lat' dir='ltr'>innatas</span> <span class='ocrx_word' id='word_1_172' title='bbox 868 1780 1179 1835; x_wconf 84' lang='lat' dir='ltr'>praedictiones,</span> <span class='ocrx_word' id='word_1_173' title='bbox 1218 1781 1372 1833; x_wconf 86' lang='lat' dir='ltr'>quibus</span> <span class='ocrx_word' id='word_1_174' title='bbox 1422 1781 1585 1821; x_wconf 77' lang='lat' dir='ltr'>caeteris</span> 
     </span>
     <span class='ocr_line' id='line_1_25' title="bbox 196 1847 1586 1908; baseline -0.005 -15"><span class='ocrx_word' id='word_1_175' title='bbox 196 1853 454 1908; x_wconf 80' lang='lat' dir='ltr'>praeminent</span> <span class='ocrx_word' id='word_1_176' title='bbox 500 1850 713 1904; x_wconf 80' lang='lat' dir='ltr'>gentibuS,</span> <span class='ocrx_word' id='word_1_177' title='bbox 759 1854 1041 1888; x_wconf 85' lang='lat' dir='ltr'>recurrerunt.</span> <span class='ocrx_word' id='word_1_178' title='bbox 1104 1847 1448 1901; x_wconf 85' lang='lat' dir='ltr'>Convocatosque</span> <span class='ocrx_word' id='word_1_179' title='bbox 1496 1855 1586 1887; x_wconf 90' lang='lat' dir='ltr'>tan-</span> 
     </span>
     <span class='ocr_line' id='line_1_26' title="bbox 198 1914 1587 1974; baseline -0.005 -14"><span class='ocrx_word' id='word_1_180' title='bbox 198 1935 325 1974; x_wconf 85' lang='lat' dir='ltr'>quam</span> <span class='ocrx_word' id='word_1_181' title='bbox 355 1919 408 1959; x_wconf 89' lang='lat' dir='ltr'>ad</span> <span class='ocrx_word' id='word_1_182' title='bbox 438 1917 675 1958; x_wconf 88' lang='lat' dir='ltr'>convivium</span> <span class='ocrx_word' id='word_1_183' title='bbox 707 1921 920 1968; x_wconf 83' lang='lat' dir='ltr'>magnates</span> <span class='ocrx_word' id='word_1_184' title='bbox 954 1914 1171 1954; x_wconf 89' lang='lat' dir='ltr'>Pictorum</span> <span class='ocrx_word' id='word_1_185' title='bbox 1203 1925 1389 1963; x_wconf 82' lang='lat' dir='ltr'>cunctos,</span> <span class='ocrx_word' id='word_1_186' title='bbox 1422 1922 1587 1967; x_wconf 87' lang='lat' dir='ltr'>captata</span> 
     </span>
     <span class='ocr_line' id='line_1_27' title="bbox 195 1980 1585 2038; baseline -0.006 -11"><span class='ocrx_word' id='word_1_187' title='bbox 195 1995 283 2028; x_wconf 89' lang='lat' dir='ltr'>tam</span> <span class='ocrx_word' id='word_1_188' title='bbox 323 1985 406 2026; x_wconf 91' lang='lat' dir='ltr'>cibi</span> <span class='ocrx_word' id='word_1_189' title='bbox 447 1999 573 2038; x_wconf 90' lang='lat' dir='ltr'>quam</span> <span class='ocrx_word' id='word_1_190' title='bbox 612 1990 739 2037; x_wconf 88' lang='lat' dir='ltr'>potus</span> <span class='ocrx_word' id='word_1_191' title='bbox 780 1980 951 2035; x_wconf 85' lang='lat' dir='ltr'>crapula</span> <span class='ocrx_word' id='word_1_192' title='bbox 991 1987 1034 2019; x_wconf 89' lang='lat' dir='ltr'>et</span> <span class='ocrx_word' id='word_1_193' title='bbox 1074 1980 1406 2033; x_wconf 85' lang='lat' dir='ltr'>ingurgitatione</span> <span class='ocrx_word' id='word_1_194' title='bbox 1447 1980 1585 2020; x_wconf 82' lang='lat' dir='ltr'>forsan</span> 
     </span>
     <span class='ocr_line' id='line_1_28' title="bbox 196 2046 1587 2105; baseline -0.006 -12"><span class='ocrx_word' id='word_1_195' title='bbox 196 2053 339 2102; x_wconf 88' lang='lat' dir='ltr'>nimia,</span> <span class='ocrx_word' id='word_1_196' title='bbox 372 2059 415 2092; x_wconf 94' lang='lat' dir='ltr'>et</span> <span class='ocrx_word' id='word_1_197' title='bbox 442 2049 759 2105; x_wconf 85' lang='lat' dir='ltr'>opportunitate</span> <span class='ocrx_word' id='word_1_198' title='bbox 788 2054 946 2096; x_wconf 83' lang='lat' dir='ltr'>notata,</span> <span class='ocrx_word' id='word_1_199' title='bbox 982 2046 1192 2086; x_wconf 84' lang='lat' dir='ltr'>clavorum</span> <span class='ocrx_word' id='word_1_200' title='bbox 1223 2047 1484 2087; x_wconf 77' lang='lat' dir='ltr'>extractione</span> <span class='ocrx_word' id='word_1_201' title='bbox 1514 2047 1587 2100; x_wconf 89' lang='lat' dir='ltr'>qui</span> 
     </span>
     <span class='ocr_line' id='line_1_29' title="bbox 197 2112 1589 2166; baseline -0.007 -5"><span class='ocrx_word' id='word_1_202' title='bbox 197 2119 388 2160; x_wconf 86' lang='lat' dir='ltr'>tabulata</span> <span class='ocrx_word' id='word_1_203' title='bbox 408 2118 624 2166; x_wconf 87' lang='lat' dir='ltr'>tenebant,</span> <span class='ocrx_word' id='word_1_204' title='bbox 646 2116 691 2155; x_wconf 90' lang='lat' dir='ltr'>in</span> <span class='ocrx_word' id='word_1_205' title='bbox 718 2116 947 2155; x_wconf 73' lang='lat' dir='ltr'>bannorum</span> <span class='ocrx_word' id='word_1_206' title='bbox 969 2112 1268 2153; x_wconf 84' lang='lat' dir='ltr'>concavitatem</span> <span class='ocrx_word' id='word_1_207' title='bbox 1299 2113 1453 2166; x_wconf 90' lang='lat' dir='ltr'>quibus</span> <span class='ocrx_word' id='word_1_208' title='bbox 1474 2114 1589 2153; x_wconf 80' lang='lat' dir='ltr'>sedc-</span> 
     </span>
     <span class='ocr_line' id='line_1_30' title="bbox 196 2179 1589 2237; baseline -0.007 -10"><span class='ocrx_word' id='word_1_209' title='bbox 196 2187 314 2235; x_wconf 84' lang='lat' dir='ltr'>bant,</span> <span class='ocrx_word' id='word_1_210' title='bbox 342 2185 448 2226; x_wconf 89' lang='lat' dir='ltr'>mira</span> <span class='ocrx_word' id='word_1_211' title='bbox 476 2183 670 2237; x_wconf 87' lang='lat' dir='ltr'>decipula</span> <span class='ocrx_word' id='word_1_212' title='bbox 698 2181 861 2236; x_wconf 89' lang='lat' dir='ltr'>poplite</span> <span class='ocrx_word' id='word_1_213' title='bbox 891 2186 1028 2227; x_wconf 89' lang='lat' dir='ltr'>tenus,</span> <span class='ocrx_word' id='word_1_214' title='bbox 1056 2179 1116 2218; x_wconf 89' lang='lat' dir='ltr'>ita</span> <span class='ocrx_word' id='word_1_215' title='bbox 1144 2180 1259 2232; x_wconf 90' lang='lat' dir='ltr'>quod</span> <span class='ocrx_word' id='word_1_216' title='bbox 1279 2194 1322 2219; x_wconf 86' lang='lat' dir='ltr'>se</span> <span class='ocrx_word' id='word_1_217' title='bbox 1349 2180 1589 2220; x_wconf 78' lang='lat' dir='ltr'>nullatenus</span> 
     </span>
     <span class='ocr_line' id='line_1_31' title="bbox 197 2245 1589 2307; baseline -0.008 -13"><span class='ocrx_word' id='word_1_218' title='bbox 197 2253 359 2307; x_wconf 86' lang='lat' dir='ltr'>erigere</span> <span class='ocrx_word' id='word_1_219' title='bbox 399 2256 586 2305; x_wconf 87' lang='lat' dir='ltr'>possent,</span> <span class='ocrx_word' id='word_1_220' title='bbox 623 2246 904 2289; x_wconf 86' lang='lat' dir='ltr'>communiter</span> <span class='ocrx_word' id='word_1_221' title='bbox 944 2246 1132 2299; x_wconf 87' lang='lat' dir='ltr'>undique</span> <span class='ocrx_word' id='word_1_222' title='bbox 1173 2246 1323 2299; x_wconf 85' lang='lat' dir='ltr'>lapsos,</span> <span class='ocrx_word' id='word_1_223' title='bbox 1372 2245 1589 2284; x_wconf 83' lang='lat' dir='ltr'>desubitos</span> 
     </span>
     <span class='ocr_line' id='line_1_32' title="bbox 200 2311 1589 2373; baseline -0.006 -14"><span class='ocrx_word' id='word_1_224' title='bbox 200 2319 373 2373; x_wconf 88' lang='lat' dir='ltr'>quidem</span> <span class='ocrx_word' id='word_1_225' title='bbox 412 2323 455 2357; x_wconf 93' lang='lat' dir='ltr'>et</span> <span class='ocrx_word' id='word_1_226' title='bbox 490 2314 752 2369; x_wconf 86' lang='lat' dir='ltr'>improvisos,</span> <span class='ocrx_word' id='word_1_227' title='bbox 784 2327 860 2352; x_wconf 90' lang='lat' dir='ltr'>nec</span> <span class='ocrx_word' id='word_1_228' title='bbox 891 2312 942 2351; x_wconf 86' lang='lat' dir='ltr'>ab</span> <span class='ocrx_word' id='word_1_229' title='bbox 982 2311 1179 2351; x_wconf 86' lang='lat' dir='ltr'>affinibus</span> <span class='ocrx_word' id='word_1_230' title='bbox 1211 2318 1253 2351; x_wconf 91' lang='lat' dir='ltr'>et</span> <span class='ocrx_word' id='word_1_231' title='bbox 1292 2311 1589 2351; x_wconf 78' lang='lat' dir='ltr'>confoederatis</span> 
     </span>
     <span class='ocr_line' id='line_1_33' title="bbox 199 2377 1587 2438; baseline -0.007 -12"><span class='ocrx_word' id='word_1_232' title='bbox 199 2399 362 2438; x_wconf 88' lang='lat' dir='ltr'>suoque</span> <span class='ocrx_word' id='word_1_233' title='bbox 396 2382 604 2423; x_wconf 90' lang='lat' dir='ltr'>beneficio</span> <span class='ocrx_word' id='word_1_234' title='bbox 631 2378 890 2421; x_wconf 86' lang='lat' dir='ltr'>confeodatis</span> <span class='ocrx_word' id='word_1_235' title='bbox 915 2384 956 2417; x_wconf 90' lang='lat' dir='ltr'>et</span> <span class='ocrx_word' id='word_1_236' title='bbox 982 2377 1188 2417; x_wconf 85' lang='lat' dir='ltr'>bellorum</span> <span class='ocrx_word' id='word_1_237' title='bbox 1212 2378 1333 2418; x_wconf 87' lang='lat' dir='ltr'>sociis</span> <span class='ocrx_word' id='word_1_238' title='bbox 1363 2378 1587 2430; x_wconf 84' lang='lat' dir='ltr'>quicquam</span> 
     </span>
     <span class='ocr_line' id='line_1_34' title="bbox 199 2445 1588 2500; baseline -0.006 -8"><span class='ocrx_word' id='word_1_239' title='bbox 199 2452 282 2492; x_wconf 86' lang='lat' dir='ltr'>tale</span> <span class='ocrx_word' id='word_1_240' title='bbox 302 2451 513 2500; x_wconf 86' lang='lat' dir='ltr'>timentes,</span> <span class='ocrx_word' id='word_1_241' title='bbox 537 2449 679 2489; x_wconf 89' lang='lat' dir='ltr'>statim</span> <span class='ocrx_word' id='word_1_242' title='bbox 702 2446 1018 2487; x_wconf 86' lang='lat' dir='ltr'>trucidaverunt</span> <span class='ocrx_word' id='word_1_243' title='bbox 1047 2445 1274 2484; x_wconf 85' lang='lat' dir='ltr'>universos.</span> <span class='ocrx_word' id='word_1_244' title='bbox 1357 2445 1426 2484; x_wconf 83' lang='lat' dir='ltr'>Sic</span> <span class='ocrx_word' id='word_1_245' title='bbox 1445 2445 1588 2497; x_wconf 77' lang='lat' dir='ltr'>itaqm¹</span> 
     </span>
     <span class='ocr_line' id='line_1_35' title="bbox 203 2511 1590 2569; baseline -0.007 -10"><span class='ocrx_word' id='word_1_246' title='bbox 203 2519 253 2559; x_wconf 90' lang='lat' dir='ltr'>de</span> <span class='ocrx_word' id='word_1_247' title='bbox 287 2518 453 2558; x_wconf 86' lang='lat' dir='ltr'>duobus</span> <span class='ocrx_word' id='word_1_248' title='bbox 492 2515 661 2569; x_wconf 85' lang='lat' dir='ltr'>populis</span> <span class='ocrx_word' id='word_1_249' title='bbox 701 2528 801 2567; x_wconf 87' lang='lat' dir='ltr'>gens</span> <span class='ocrx_word' id='word_1_250' title='bbox 841 2511 1079 2552; x_wconf 87' lang='lat' dir='ltr'>bellicosior</span> <span class='ocrx_word' id='word_1_251' title='bbox 1118 2519 1160 2551; x_wconf 90' lang='lat' dir='ltr'>et</span> <span class='ocrx_word' id='word_1_252' title='bbox 1199 2511 1373 2551; x_wconf 84' lang='lat' dir='ltr'>validior</span> <span class='ocrx_word' id='word_1_253' title='bbox 1405 2511 1590 2550; x_wconf 81' lang='lat' dir='ltr'>totaliter</span> 
     </span>
     <span class='ocr_line' id='line_1_36' title="bbox 202 2578 1589 2633; baseline -0.006 -8"><span class='ocrx_word' id='word_1_254' title='bbox 202 2584 399 2633; x_wconf 82' lang='lat' dir='ltr'>evanuit3</span> <span class='ocrx_word' id='word_1_255' title='bbox 432 2583 562 2623; x_wconf 88' lang='lat' dir='ltr'>altera</span> <span class='ocrx_word' id='word_1_256' title='bbox 582 2596 680 2622; x_wconf 89' lang='lat' dir='ltr'>vero</span> <span class='ocrx_word' id='word_1_257' title='bbox 702 2581 825 2633; x_wconf 87' lang='lat' dir='ltr'>longe</span> <span class='ocrx_word' id='word_1_258' title='bbox 847 2578 980 2619; x_wconf 83' lang='lat' dir='ltr'>modis</span> <span class='ocrx_word' id='word_1_259' title='bbox 1005 2578 1200 2618; x_wconf 86' lang='lat' dir='ltr'>omnibus</span> <span class='ocrx_word' id='word_1_260' title='bbox 1219 2579 1367 2632; x_wconf 84' lang='lat' dir='ltr'>impar,</span> <span class='ocrx_word' id='word_1_261' title='bbox 1391 2586 1589 2630; x_wconf 80' lang='lat' dir='ltr'>tanquam</span> 
     </span>
    </p>
   </div>
   <div class='ocr_carea' id='block_1_3' title="bbox 249 2674 1588 2760">
    <p class='ocr_par' dir='ltr' id='par_1_6' title="bbox 249 2674 1588 2760">
     <span class='ocr_line' id='line_1_37' title="bbox 250 2674 1588 2724; baseline -0.007 -9"><span class='ocrx_word' id='word_1_262' title='bbox 250 2682 260 2700; x_wconf 89' lang='lat'>¹</span> <span class='ocrx_word' id='word_1_263' title='bbox 288 2679 629 2724; x_wconf 70' lang='lat' dir='ltr'>Hist.Gildae,§10.</span> <span class='ocrx_word' id='word_1_264' title='bbox 933 2686 1088 2720; x_wconf 80' lang='lat' dir='ltr'>passages</span> <span class='ocrx_word' id='word_1_265' title='bbox 1130 2676 1213 2709; x_wconf 88' lang='lat' dir='ltr'>from</span> <span class='ocrx_word' id='word_1_266' title='bbox 1256 2676 1384 2717; x_wconf 76' lang='lat' dir='ltr'>Gildas,</span> <span class='ocrx_word' id='word_1_267' title='bbox 1428 2675 1534 2708; x_wconf 81' lang='lat' dir='ltr'>which</span> <span class='ocrx_word' id='word_1_268' title='bbox 1576 2674 1588 2705; x_wconf 92' lang='lat'><em>1</em></span> 
     </span>
     <span class='ocr_line' id='line_1_38' title="bbox 249 2721 1186 2760; baseline -0.009 1"><span class='ocrx_word' id='word_1_269' title='bbox 249 2728 262 2746; x_wconf 78' lang='lat'>²</span> <span class='ocrx_word' id='word_1_270' title='bbox 287 2727 360 2760; x_wconf 87' lang='lat' dir='ltr'>The</span> <span class='ocrx_word' id='word_1_271' title='bbox 377 2726 496 2760; x_wconf 82' lang='lat' dir='ltr'>author</span> <span class='ocrx_word' id='word_1_272' title='bbox 520 2726 603 2758; x_wconf 75' lang='lat' dir='ltr'>cites</span> <span class='ocrx_word' id='word_1_273' title='bbox 629 2725 708 2758; x_wconf 81' lang='lat' dir='ltr'>here</span> <span class='ocrx_word' id='word_1_274' title='bbox 735 2721 861 2756; x_wconf 79' lang='lat' dir='ltr'>several</span> <span class='ocrx_word' id='word_1_275' title='bbox 932 2721 1016 2753; x_wconf 83' lang='lat' dir='ltr'>have</span> <span class='ocrx_word' id='word_1_276' title='bbox 1035 2722 1186 2754; x_wconf 77' lang='lat' dir='ltr'>omitted.</span> 
     </span>
    </p>
   </div>
  </div>
 </body>
</html>
