1908 3135
486 218 549 249 DE
583 217 936 250 INSTRUCTIONE
973 219 1257 251 PRINCIPUM.
1484 212 1563 251 109

168 316 365 368 habebat,
387 324 430 357 et
461 324 600 358 tamen
620 317 691 357 alii
714 318 902 368 cuilibet,
925 319 1051 359 etiam
1070 319 1171 368 filio,
1194 319 1376 373 idipsum
1395 321 1565 373 aggredi

170 397 252 423 11011
272 385 540 425 mediocriter
557 385 786 425 invidebat.

228 451 360 506 Apud
402 451 721 492 Geldefordiam
770 452 901 505 igitur
938 468 1080 494 versus
1125 468 1237 493 mare
1285 453 1567 508 deproperans

169 534 262 558 cum
309 519 409 559 R‘ex
445 527 745 573 pernoctasset,
784 520 1045 574 capellanum
1087 520 1298 573 quendam
1343 520 1394 560 de
1438 521 1566 570 curia,

169 585 237 624 cui
281 600 433 625 nomen
481 585 729 635 Gualterus,
772 587 994 639 agnomine
1042 587 1311 636 Daumartin,
1355 587 1566 627 Dominus

169 652 312 691 eadem
350 659 474 692 nocte
522 652 595 693 tali
631 653 790 693 visione
834 653 1032 694 visitavit.
1094 654 1334 695 Videbatur
1379 655 1490 694 enim
1528 655 1567 694 ei

169 718 284 772 quod
318 718 701 773 Archiepiscopum
740 721 966 774 quendam,
1006 721 1125 775 quasi
1166 722 1217 761 ad
1257 722 1396 762 altaris
1436 736 1568 761 sacra-

166 793 309 826 menta
359 793 540 826 stantem
593 787 756 827 videret
811 788 1075 842 insignitum,
1136 789 1377 829 flammeum
1440 804 1565 829 manu

168 852 344 893 dextera
392 853 580 907 gladium
629 861 859 904 tenentem,
902 863 1103 908 tanquam
1151 856 1325 895 alteram
1378 856 1566 896 Paradisi

167 920 424 974 rompheam,
465 920 624 961 aditum
670 922 815 975 januae
856 922 1020 962 celestis
1058 922 1138 962 nisi
1174 923 1487 977 poenitentibus
1524 931 1567 963 et

168 987 377 1027 conversis
407 988 700 1042 abnegantem.
764 988 815 1029 In
853 1004 979 1042 quem
1016 990 1114 1029 dum
1153 990 1398 1043 diligentius
1428 991 1566 1030 inten-

168 1054 299 1103 deret,
322 1055 544 1095 videbatur
566 1056 604 1096 ei
636 1056 752 1110 quod
774 1056 956 1096 Thomas
976 1057 1077 1096 olim
1112 1057 1427 1097 Cantuariensis
1453 1058 1566 1097 exis-

121 1132 125 1135 ·
167 1128 289 1170 teret,
309 1122 382 1175 qui
412 1122 606 1176 protinus
627 1123 770 1163 oculos
806 1123 851 1162 in
884 1123 1022 1177 ipsum
1047 1124 1199 1164 acriter
1229 1126 1563 1178 contorquendo,

166 1188 441 1242 gladiumque
478 1190 695 1238 vibrando,
731 1205 893 1230 sacrum
935 1206 980 1230 os
1029 1191 1073 1230 in
1113 1191 1205 1231 haec
1246 1192 1373 1231 verba
1410 1191 1562 1233 Latina

165 1255 359 1295 resolvit:
395 1259 421 1277 “
440 1256 567 1306 Vide,
588 1257 753 1310 gladius
786 1257 866 1297 iste
901 1272 1046 1298 recens
1079 1265 1154 1307 est,
1185 1273 1298 1298 nunc
1318 1258 1561 1308 fabricatus,

164 1322 353 1363 nondum
386 1324 569 1364 refrixit.
631 1324 814 1364 Gladius
844 1325 923 1364 iste
956 1325 1312 1365 transverberabit
1343 1325 1562 1366 dominum

166 1396 288 1430 tuum
319 1390 512 1445 Rege1n3
539 1393 670 1446 juxta
704 1392 811 1432 illud
846 1391 1098 1442 Psalmistae,
1130 1392 1231 1432 Nisi
1263 1394 1445 1432 conversa·
1467 1395 1564 1445 sue-

164 1458 271 1506 ritis,
291 1458 475 1511 ylaclizcm
495 1474 609 1499 suzam
625 1460 802 1499 vibrabit
819 1476 828 1509 3
853 1474 992 1499 arcam
1008 1475 1122 1499 secum
1142 1460 1327 1508 tetendit,
1343 1466 1381 1500 et
1394 1463 1564 1514 paravit

164 1523 320 1564 illum.⁷'
367 1525 520 1580 quue
543 1526 668 1576 dicto,
689 1533 731 1567 et
748 1542 928 1580 persona
945 1527 1143 1566 terribilis
1165 1527 1358 1576 evanuit3
1384 1536 1427 1567 et
1445 1543 1562 1582 pres-

163 1591 288 1646 byter
308 1608 396 1646 prae
428 1594 578 1633 timore
612 1609 635 1633 a
667 1609 814 1634 somno
850 1601 1123 1648 experrectus
1158 1594 1311 1643 exiliit,
1333 1595 1561 1648 statimque

164 1659 215 1698 ad
229 1659 459 1709 ecclesiam,
475 1661 675 1714 quoniam
688 1660 732 1701 in
751 1676 901 1701 aurora
917 1661 1024 1701 illud
1040 1661 1260 1710 acciderat,
1275 1662 1558 1712 accelerando,

162 1726 331 1766 missam
349 1727 399 1767 de
430 1728 585 1768 Sancto
624 1728 787 1782 Spiritu
818 1743 895 1782 pro
914 1728 1034 1781 Rege
1056 1728 1306 1778 celebravit3
1340 1736 1382 1769 et
1419 1730 1477 1769 sic
1509 1731 1561 1770 ad

164 1794 364 1847 capellam
402 1796 616 1844 accedens,
649 1803 744 1850 post
779 1795 959 1843 missam,
992 1795 1239 1849 priusquam
1272 1795 1373 1835 Rex
1407 1796 1559 1847 exiret,

163 1860 366 1901 visionem
388 1862 425 1901 ei
445 1869 604 1902 secreto
626 1862 836 1902 revelavit.
899 1861 998 1904 Qua
1019 1862 1175 1911 audita,
1195 1869 1257 1902 ter
1274 1878 1415 1902 versus
1430 1863 1559 1904 altare

162 1928 342 1981 genibus
379 1928 516 1978 flexis,
559 1929 678 1983 quasi
709 1944 783 1983 per
821 1929 1040 1969 intervalla
1077 1930 1205 1969 trium
1238 1930 1558 1972 Dominicarum

163 1995 415 2044 orationum,
439 1996 590 2036 dextra
609 2011 738 2036 manu
758 1995 942 2035 frontem
963 1996 1200 2049 faciemque
1222 1997 1482 2051 consignanS,
1506 1999 1557 2039 ad

161 2077 344 2103 cameras
366 2063 462 2103 inde
492 2063 748 2117 consiliaque
784 2063 990 2104 transivit.
1052 2063 1136 2104 Die
1160 2079 1256 2104 vero
1287 2066 1556 2118 procedente,

160 2129 263 2170 hora
284 2130 404 2184 quasi
426 2131 537 2171 inter
558 2131 735 2185 primam
758 2138 801 2170 et
823 2131 1006 2180 tertiam,
1029 2138 1199 2171 vocatus
1231 2140 1294 2172 est
1320 2133 1372 2172 ad
1395 2133 1558 2187 Regem

160 2198 394 2251 presbyter,
419 2198 493 2251 qui
526 2198 570 2237 111
592 2198 752 2252 capella
786 2198 898 2237 inter
928 2198 1098 2238 clericos
1129 2198 1273 2247 curiae,
1307 2214 1489 2252 quorum
1516 2208 1559 2240 et

161 2265 250 2319 ipse
268 2280 378 2305 unus
399 2265 614 2313 extiterat,
630 2265 863 2314 residebat3
886 2265 937 2304 ad
960 2280 1083 2318 quem
1107 2280 1202 2304 cum
1220 2265 1264 2304 in
1285 2265 1557 2306 diversorium

162 2332 387 2385 quoddam,
410 2339 528 2385 parte
563 2332 711 2371 domus
746 2331 960 2385 penitiori,
983 2331 1189 2372 adductus
1217 2331 1379 2380 fuisset,
1403 2332 1558 2372 ostium

160 2399 335 2439 intranti
356 2399 470 2447 Rex,
488 2399 533 2438 in
550 2398 704 2451 angulo
720 2398 903 2451 quodam
918 2397 1031 2437 solus
1044 2398 1244 2447 residens,
1265 2398 1413 2452 capitis
1429 2399 1473 2438 in
1494 2399 1558 2453 ip-

161 2481 253 2506 sum
271 2466 557 2515 concussione,
572 2480 724 2505 nomen
739 2465 927 2519 ejusdem
941 2465 1217 2519 ingeminans,
1235 2466 1376 2519 inquit
1392 2482 1400 2506 :
1418 2470 1443 2487 “
1455 2466 1558 2506 Gal-

161 2542 263 2582 tere,
285 2533 474 2581 Galtere,
508 2532 672 2585 gladius
694 2539 793 2572 tuus
815 2532 1040 2572 crudeliter
1070 2547 1208 2572 secare
1238 2533 1325 2586 jam
1358 2533 1555 2586 suscepit,

161 2601 260 2654 quia
280 2598 752 2653 Castellum-Radulphi
763 2599 852 2652 jam
869 2613 980 2638 nunc
999 2599 1250 2639 amisimus.”
1291 2599 1555 2640 Nunciatum

160 2668 317 2708 etenim
340 2667 378 2708 ei
409 2667 459 2707 de
486 2666 773 2706 transmarinis
808 2666 953 2706 eadem
990 2666 1092 2706 hora
1121 2666 1274 2716 fuerat,
1298 2666 1555 2706 Francorum

162 2735 325 2789 Regem
372 2734 589 2774 castellum
637 2733 757 2781 illud,
799 2748 893 2772 cum
935 2734 1153 2786 adjacente
1193 2734 1409 2787 provincia
1450 2742 1552 2783 tota,
