1908 3135
512 217 574 249 DE
609 213 960 248 INSTRUCTIONE
996 211 1279 243 PRINCIPUM.
1508 199 1585 243 171

194 316 371 371 gemmis
401 315 583 364 insertis,
613 312 858 369 principalis
889 311 1158 352 excellentiae
1189 310 1389 350 thronum
1420 310 1595 350 adornat

197 391 241 424 et
257 384 458 424 illustrat.

254 452 379 501 Item,
412 451 624 506 principes
644 449 826 490 vidimus
859 447 934 501 qui
970 461 1054 486 non
1082 445 1225 486 lineali
1253 443 1483 499 propagine
1515 443 1595 483 sibi

197 520 377 560 invicem
398 519 684 566 succedentes,
705 516 777 557 sed
794 530 868 569 per
887 515 1089 569 hysteron
1113 519 1313 567 proteron
1331 511 1488 565 potius,
1503 525 1598 564 pcr—

199 603 282 642 que
323 588 460 628 caedes
499 599 671 626 suorum
713 591 755 623 et
794 590 952 637 strages
991 582 1330 636 propinquorum
1371 579 1595 619 violentam

198 655 342 709 adepti
366 652 711 701 dominationem,
734 657 923 691 cruentae
956 648 1191 703 tyrannidis
1222 661 1311 688 suae
1344 654 1387 687 et
1417 647 1598 688 crudeli-

198 723 297 763 tatis
317 721 461 762 nimiae
497 719 699 760 talionem
733 719 779 759 in
814 718 936 759 terris
970 716 1135 757 ultione
1172 715 1314 756 divina
1345 714 1595 768 suscipiunt,

197 804 360 845 perque
392 789 566 843 sagittas
601 795 731 841 atque
756 786 928 827 balistas
954 784 1022 825 vel
1053 784 1343 839 oppressiones
1364 782 1535 822 bellicas
1557 789 1599 822 et

198 857 373 898 hostiles
422 856 659 897 invasiones
715 853 1001 902 creberrimas,
1058 852 1288 892 innaturali
1344 851 1597 905 plerumque

198 932 334 966 morte
357 924 582 973 decedunt,
604 929 855 978 perpetuam
876 921 978 961 alibi
997 935 1171 975 poenam
1192 920 1235 959 in
1258 918 1480 959 Gehennae
1498 932 1599 970 sup-

198 992 327 1047 plicio
344 992 652 1047 praestolanteS,
675 1004 752 1031 nec
782 989 882 1030 filiis
912 996 987 1029 aut
1016 987 1243 1042 nepotibus
1275 986 1473 1026 ceterisve
1503 999 1599 1038 pro-

200 1060 373 1114 pinquis
406 1059 515 1100 male
549 1058 730 1113 quaesita
759 1058 969 1112 pejusque
1004 1056 1187 1104 detenta,
1218 1060 1369 1094 cuncta
1398 1052 1599 1092 nimirum

201 1142 325 1181 grave
356 1126 481 1166 nimis
517 1133 560 1166 et
590 1139 783 1180 perverse
817 1124 1066 1178 gubernata,
1090 1122 1352 1175 relinquunt.
1415 1119 1476 1159 Hi
1500 1134 1597 1160 vero

202 1194 308 1235 serie
340 1193 609 1235 haereditaria
641 1207 805 1246 semper
838 1198 881 1232 et
915 1193 1012 1246 jure
1044 1189 1226 1230 naturali
1261 1203 1390 1242 regna
1424 1194 1599 1242 paterna

202 1262 431 1311 consecuti,
453 1261 630 1301 modum
651 1267 693 1300 et
727 1259 978 1300 modestiam
999 1273 1044 1298 ac
1066 1256 1394 1297 misericordiam
1425 1255 1469 1294 in
1501 1254 1600 1295 sub-

201 1329 312 1370 ditos
347 1343 510 1369 summo
539 1343 666 1382 opere
701 1333 879 1376 servant,
902 1334 946 1366 et
978 1325 1245 1366 atrocitatem
1277 1337 1444 1363 omnem
1475 1329 1603 1375 atque

201 1396 408 1437 saevitiam
428 1397 472 1436 in
492 1395 698 1450 regimine
719 1394 868 1435 vitant.
930 1392 1121 1446 Ideoque
1153 1392 1228 1432 diu
1259 1405 1456 1445 prospere
1478 1389 1603 1429 simul

202 1471 245 1504 et
265 1463 493 1517 tranquille
524 1468 752 1517 regnantes
772 1467 882 1501 nutu
905 1460 1059 1509 divino,
1084 1459 1158 1513 qui
1179 1466 1222 1499 et
1242 1459 1287 1498 in
1308 1457 1430 1498 terris
1451 1456 1601 1497 merita

201 1546 510 1585 nonnunquam
528 1531 641 1571 bona
657 1535 915 1576 remunerat,
937 1527 1109 1568 honoris
1130 1527 1389 1567 incrementa
1403 1525 1452 1564 de
1476 1523 1543 1564 die
1557 1524 1599 1563 in

201 1599 312 1638 diem
348 1599 553 1652 ampliora
589 1597 838 1651 suscipiunt,
863 1603 904 1636 et
942 1596 1117 1635 decurso
1153 1594 1325 1634 demum
1359 1592 1459 1632 vitae
1496 1598 1602 1631 tem-

202 1666 357 1720 poralis
384 1665 535 1719 spatio,
557 1665 640 1705 fine
667 1665 793 1704 beato
815 1663 1078 1711 decedentes,
1102 1668 1144 1701 et
1178 1668 1379 1701 aeternam
1411 1659 1455 1698 in
1487 1657 1602 1698 caelis

202 1733 528 1774 retributionem
564 1732 614 1772 de
646 1739 731 1772 tam
765 1731 836 1785 pio
866 1731 1072 1784 justoque
1103 1728 1306 1782 regimine
1336 1726 1600 1780 recipientes,

202 1801 301 1841 filiis
321 1800 406 1840 suis
428 1807 472 1840 et
490 1799 718 1840 heredibus
739 1813 815 1838 sua
835 1798 1017 1838 feliciter
1032 1811 1161 1850 regna
1182 1795 1448 1836 contradunt.

261 1867 386 1917 Item,
409 1882 505 1907 cum
524 1866 737 1921 principes
758 1865 829 1905 alii
850 1865 1005 1905 bestias
1025 1871 1188 1904 atroces
1204 1870 1248 1902 et
1262 1876 1443 1910 voraces,
1467 1875 1598 1909 ursos,

203 1935 356 1989 pardos
378 1941 421 1975 et
452 1934 594 1974 leones
627 1933 848 1974 assimilari
881 1947 1019 1972 coram
1040 1930 1285 1971 hominibus
1320 1929 1363 1968 in
1394 1943 1600 1982 apparen-

205 2001 264 2042 tia
296 2001 485 2055 capiunt,
507 2001 644 2055 pictos
681 2000 724 2040 in
746 2000 870 2040 armis
901 1999 954 2039 ob
986 1997 1220 2038 ferocitatis
1249 1996 1454 2036 indicium
1489 2010 1598 2049 prae-

203 2069 343 2109 ferant
375 2076 419 2109 et
439 2068 632 2117 vexillis3
667 2068 711 2107 hi
736 2067 813 2107 soli
841 2065 1078 2106 moralitate
1100 2064 1303 2106 laudabili
1332 2063 1442 2103 sicut
1462 2062 1600 2102 verbis

206 2143 248 2177 et
278 2136 469 2190 gestibus
504 2136 562 2175 sic
596 2142 639 2175 et
668 2134 832 2174 actibus
870 2132 1032 2173 cunctis
1063 2132 1237 2173 modum
1273 2138 1315 2170 et
1350 2129 1599 2170 modestiam

204 2204 325 2257 sequi
347 2217 511 2244 summo
533 2217 659 2256 opere
677 2202 911 2255 cupientes,
929 2208 972 2240 et
991 2199 1272 2252 arrogantiam
1286 2211 1450 2238 omnem
1472 2204 1601 2249 atque

204 2270 447 2325 superbiam
478 2270 608 2310 vitare
640 2268 844 2317 volentes,
866 2267 1036 2320 clypeos
1071 2273 1115 2306 et
1136 2265 1291 2305 vexilla
1323 2279 1419 2304 cum
1451 2263 1601 2303 ceteris

206 2337 429 2378 armaturis
449 2335 712 2390 simplicibus
735 2341 903 2375 tantum
937 2333 1111 2387 gladioli
1141 2331 1327 2373 flosculis
1357 2331 1528 2384 signant
1558 2337 1601 2370 et

207 2411 370 2445 ornant.

264 2473 428 2513 blirum
462 2471 594 2525 igitur
630 2476 673 2510 et
704 2468 946 2523 praeconiali
982 2467 1182 2507 memoria
1216 2465 1373 2520 pariter
1405 2470 1449 2504 et
1478 2463 1603 2503 laude

208 2540 514 2594 dignissimum,
537 2537 652 2592 quod
682 2536 892 2590 simplices
926 2534 1170 2589 hujusmodi
1200 2533 1324 2574 flores
1355 2532 1420 2572 his
1450 2531 1603 2571 nostris

208 2607 372 2655 diebus,
414 2613 464 2646 ut
511 2604 578 2644 hic
627 2603 772 2657 paucis
810 2602 1062 2657 anticipatio
1110 2601 1197 2650 fiat,
1248 2600 1399 2654 pardos
1437 2598 1601 2639 vincere

206 2674 386 2714 vidimus
415 2679 544 2726 atque
579 2671 734 2711 leones.
812 2669 926 2711 Quae
962 2667 1159 2708 videlicet
1193 2667 1342 2707 bestiae
1378 2664 1599 2711 terribiles,

207 2741 407 2782 mirandis
440 2739 611 2793 quidem
642 2752 783 2778 rerum
805 2736 1041 2784 eventibus,
1064 2735 1199 2775 solum
1233 2735 1359 2774 odore
1387 2733 1537 2773 florum
1560 2738 1601 2771 ct
