1908 3135
195 417 526 460 INCIPIUNT
578 417 895 460 CAPITULA
944 418 1257 460 SECUNDAE
1320 420 1593 464 DISTINC-

777 485 1004 527 TIONIS.

287 662 316 689 1.
348 648 416 689 De
438 648 571 703 Regis
603 648 843 703 Anglorum
873 648 1051 690 Henrici
1083 650 1257 690 secundi
1290 651 1511 693 eventibus
1535 654 1587 694 ab

403 715 580 757 ineunte
611 722 737 757 aetate
771 716 978 766 secundis,
1007 723 1051 757 et
1075 718 1197 757 terris
1227 718 1416 772 ejusdem
1440 720 1483 760 in
1510 721 1587 761 im-

403 798 597 825 mensum
618 782 915 838 augmentatis,

264 863 312 890 11.
346 849 413 890 De
444 866 691 905 magnorum
711 851 910 899 virorum,
935 850 1016 891 isto
1047 858 1263 905 regnante,
1286 852 1329 892 in
1360 852 1583 908 Angliam¹

404 918 668 959 adventibus.

243 998 308 1025 111.
341 984 410 1025 De
441 985 684 1026 enormibus
715 985 904 1039 ejusdem
934 991 1080 1039 postea
1110 985 1289 1036 delictis,
1313 993 1356 1027 et
1379 987 1581 1041 martyrio

402 1052 596 1094 Thomae.

253 1133 310 1160 lv.
342 1119 410 1160 De
430 1126 524 1160 rota
552 1120 738 1161 fortunae
764 1119 896 1174 ipsius
928 1119 979 1160 de
1011 1125 1151 1160 cetero
1182 1134 1346 1173 semper
1365 1120 1579 1171 inclinata,

398 1194 442 1228 et
461 1203 536 1242 per
557 1187 666 1228 filios
686 1188 827 1242 ipsum
857 1186 1107 1227 infestantes
1139 1200 1303 1240 semper
1322 1186 1366 1225 in
1391 1201 1579 1241 praeceps

400 1255 509 1296 data.

265 1336 305 1363 v.
338 1321 517 1363 Litterae
552 1319 967 1375 compromissionem
998 1318 1131 1373 Regis
1159 1318 1417 1360 Francorum
1438 1319 1577 1361 Lodo-

393 1389 489 1439 vici,
519 1395 563 1429 et
582 1388 717 1442 Regis
747 1386 988 1441 Anglorum
1018 1385 1211 1436 Hem-ici,
1235 1385 1575 1441 Hierosolymam

394 1459 595 1511 peregre2
625 1455 751 1496 simul
772 1454 914 1504 eundi,
936 1460 1232 1509 protestantes.

246 1538 305 1565 vl.
338 1524 406 1564 De
438 1524 603 1565 duobus
633 1522 805 1563 interim
836 1521 1131 1571 cardinalibus,
1156 1521 1208 1561 ad
1241 1521 1491 1562 scrutinium
1524 1522 1574 1562 de

394 1598 530 1632 morte
561 1590 757 1645 martyris
789 1589 966 1630 Thomae
998 1587 1255 1638 faciendum,
1286 1588 1329 1628 in
1362 1588 1405 1628 N
1409 1604 1571 1629 orman-

394 1659 508 1700 niam
526 1658 791 1699 transmissis.

222 1739 300 1767 vn.
333 1726 401 1767 De
437 1727 574 1767 tribus
610 1723 888 1772 monasteriis,
914 1723 959 1762 in
996 1722 1378 1776 compensationem
1415 1722 1570 1763 Hiero-

386 1793 651 1847 solymitanae
675 1789 1040 1846 pereg1·inationiS‚
1063 1791 1151 1844 jam
1180 1789 1305 1830 toties
1334 1789 1566 1843 promissae,

387 1860 614 1916 sophistice
635 1858 771 1899 factis.

199 1940 293 1968 vul.
328 1927 394 1968 De
430 1927 606 1981 flagellis
646 1925 757 1979 Regi
793 1923 980 1964 Henrico
1017 1938 1040 1963 a
1078 1922 1173 1963 Deo
1214 1922 1334 1972 datis,
1368 1930 1411 1963 et
1444 1923 1565 1964 obitu

384 1993 516 2048 Regis
532 1991 728 2047 junioris.

226 2076 285 2103 ix.
320 2062 387 2102 De
411 2061 548 2102 titulis
570 2059 747 2101 Henrici
770 2056 900 2098 tertii.

242 2144 284 2170 x.
320 2129 387 2170 De
419 2128 572 2169 comite
605 2126 826 2167 Gaufredo
852 2125 940 2178 jam
973 2123 1129 2164 iterum
1149 2139 1173 2164 a
1200 2131 1319 2179 patre
1351 2125 1496 2174 diviso,
1520 2132 1563 2164 et

372 2197 496 2237 obitu
518 2194 708 2250 ejusdem
728 2192 854 2247 paulo
876 2197 972 2245 post
992 2191 1301 2245 intempestivo.

224 2279 285 2305 xl.
321 2265 388 2305 De
411 2263 547 2304 titulis
570 2260 735 2302 comitis
758 2258 981 2307 Gaufredi,
1006 2264 1048 2298 et
1068 2258 1210 2299 fratris
1236 2260 1425 2313 ejusdcm
1445 2259 1560 2313 juni-

380 2331 462 2371 oris
483 2329 654 2370 mixtim
675 2326 890 2368 consertis.

216 2413 295 2440 ΧΠ.
330 2399 461 2442 Quod
491 2412 575 2438 non
606 2396 742 2436 solum
777 2393 927 2448 plagis,
960 2407 1103 2432 verum
1136 2393 1262 2433 etiam
1293 2391 1555 2432 revelationi-

375 2467 456 2506 bus
489 2464 644 2505 crebris
677 2470 719 2502 et
740 2460 1137 2502 comminationibus
1167 2460 1265 2500 Rex
1299 2459 1510 2499 Henrieus
1532 2474 1553 2498 a

370 2534 463 2574 Deo
484 2533 640 2573 frustra
660 2528 942 2585 praemunitus
963 2527 1047 2567 fuit
1067 2534 1109 2567 ct
1130 2528 1370 2581 castigatus.

202 2617 300 2644 x111.
334 2600 557 2643 Revelatio
587 2598 712 2639 militi
745 2598 794 2637 de
834 2594 1067 2637 Lincolniae
1098 2595 1267 2645 finibus,
1292 2595 1459 2648 Rogcro
1496 2610 1549 2633 sc.

367 2670 416 2709 de
438 2667 629 2716 Escrebi,
651 2666 774 2706 facta.

337 2773 342 2790 ¹
372 2772 570 2815 Angloiuln,
591 2770 666 2803 MS.
1043 2768 1053 2785 ²
1080 2767 1232 2811 l‘crgcrv,
1253 2766 1325 2798 MS.
