1908 3135
158 965 216 990 The
229 964 335 989 ancient

160 999 224 1022 laws
236 998 265 1022 of
283 999 355 1027 Eng—

378 264 460 304 190
780 274 1020 307 GIRALDUS
1055 274 1352 307 CAMBRENSIS
1616 261 1762 321 [ΑΡΡΧ.

374 370 418 410 in
440 377 627 425 tempore
644 378 774 412 tantae
792 372 1078 426 praedictionis
1099 372 1383 413 emolumenta
1403 379 1604 422 assecuta,
1628 379 1760 414 totam

375 452 399 476 a
429 438 532 478 mari
562 452 698 492 usque
729 440 781 479 ad
810 454 938 489 mare,
972 446 1123 480 terram
1143 440 1258 480 illam
1280 454 1407 493 quam
1436 454 1460 479 a
1487 454 1564 479 suo
1590 440 1761 480 nomine

381 503 565 545 Scotiam
585 505 801 555 dixerunt,
824 520 960 560 usque
981 506 1025 546 in
1045 506 1300 547 hodiernum
1321 506 1610 547 obtinuerunt.

1016 705 1124 746 VII.

893 835 961 875 De
982 836 1249 889 naufrayiis.¹

433 947 489 989 ΙΝ
525 949 712 1002 antiquis
749 949 875 989 etiam
910 949 1147 1002 Anglorum
1176 949 1343 1003 legibus
1374 949 1426 990 ab
1462 949 1606 1003 aliquo
1646 962 1763 989 sanc-

159 1027 345 1055 landrelative
375 1025 528 1067 torum,
552 1024 600 1057 ut
620 1017 842 1065 credimus,
874 1031 1035 1070 regum,
1066 1016 1115 1056 de
1143 1016 1299 1070 quibus
1328 1016 1439 1056 infra
1465 1016 1644 1064 dicetur,
1667 1030 1765 1055 con-

159 1067 187 1088 to
205 1063 279 1095 ship-

159 1097 269 1121 wrecks.

375 1084 564 1133 stitutus,
614 1084 748 1138 major
797 1090 860 1123 est
912 1083 1107 1136 aequitas,
1145 1097 1241 1122 cum
1280 1090 1422 1123 tamen
1469 1083 1542 1123 illa
1580 1082 1766 1122 maxima

372 1151 518 1200 fuerit,
540 1151 761 1204 reperitur.
1267 1156 1270 1157 ’

435 1217 653 1258 Statutum
705 1217 819 1257 enim
862 1217 1002 1257 suerat
1047 1217 1163 1271 quod
1202 1216 1236 1257 si
1285 1232 1396 1258 unus
1443 1217 1494 1258 de
1544 1215 1764 1270 naufragio

376 1284 565 1334 evaserit,
597 1285 724 1324 etiam
743 1285 1051 1338 pauperrimus,
1086 1291 1128 1325 et
1148 1299 1295 1324 navem
1323 1292 1366 1324 et
1394 1292 1533 1325 totum
1568 1284 1683 1338 quod
1715 1283 1767 1323 ad

376 1360 530 1392 terram
549 1351 726 1401 venerit,
749 1358 792 1391 et
812 1352 927 1405 quod
959 1351 1106 1392 salvari
1140 1351 1311 1405 poterit,
1337 1351 1450 1392 solus
1481 1351 1764 1391 obtinebatur.

378 1418 489 1459 Item
521 1419 555 1458 si
574 1418 718 1459 nullus
746 1419 936 1468 evaserit,
969 1418 1212 1459 haeredibus
1242 1418 1558 1473 naufragorum,
1590 1418 1624 1458 si
1654 1432 1766 1457 com-

379 1491 590 1538 paruerat,
612 1492 751 1525 totum
772 1485 1037 1526 restituetur.
1496 1479 1497 1482 Ἰ

434 1551 602 1592 Nostris
624 1558 764 1592 tamen
785 1552 948 1602 diebus,
971 1560 1057 1593 tam
1081 1551 1252 1607 Angliae
1274 1567 1401 1606 quam
1417 1551 1589 1592 Walliae
1601 1565 1766 1591 necnon

377 1625 420 1658 et
457 1618 682 1659 Hiberniae
714 1618 936 1659 maritimis
956 1619 1127 1669 finibus,
1149 1620 1272 1674 longe
1307 1619 1429 1660 aliter
1448 1619 1540 1659 fieri
1570 1618 1764 1667 vidimus,

376 1699 460 1724 non
491 1685 627 1725 solum
653 1685 697 1725 in
727 1685 850 1726 terris
880 1685 1120 1739 principum
1147 1693 1190 1727 et
1208 1686 1424 1734 laicorum,
1456 1700 1602 1726 verum
1623 1685 1764 1734 etiam,

378 1752 492 1806 quod
532 1758 594 1792 est
634 1752 831 1806 exemplo
862 1752 1153 1807 perniciosius,
1194 1753 1489 1807 episcoporum
1527 1758 1572 1791 et
1610 1751 1767 1791 ordinis

377 1819 644 1860 ecclesiastici
683 1819 982 1873 praelatorum3
1023 1820 1097 1860 ubi
1129 1835 1232 1860 nave
1265 1834 1318 1859 sc.
1341 1819 1386 1859 vi
1418 1817 1681 1872 tempestatis
1714 1817 1768 1857 ad

377 1901 478 1926 saxa
510 1885 653 1925 collisa
687 1885 752 1926 vel
784 1885 911 1926 etiam
946 1886 1093 1926 sabulo
1125 1887 1272 1937 infixa,
1306 1900 1563 1939 quamquam
1602 1884 1767 1937 integra

377 1952 465 1992 fere
487 1958 590 2001 tota,
624 1951 832 2005 salvisque
864 1952 1053 2006 personis
1083 1953 1331 2006 cunctisque
1353 1958 1396 1992 et
1416 1950 1765 2005 possessionibus,

378 2018 479 2071 quia
512 2033 595 2058 non
629 2018 680 2058 ad
715 2026 885 2072 portum
914 2019 1086 2059 veniens
1114 2019 1413 2066 desideratum,
1446 2017 1512 2057 vel
1548 2016 1649 2070 quia
1681 2030 1767 2055 non

376 2085 478 2124 adeo
498 2099 696 2137 prospere
718 2092 768 2124 ut
797 2084 1007 2134 volebant,
1039 2084 1181 2124 statim
1212 2085 1264 2124 ab
1294 2084 1445 2124 accolis
1474 2081 1765 2137 praedonibus-

377 2165 459 2204 que
481 2150 779 2189 crudelissimis
796 2156 998 2204 tanquam
1018 2151 1070 2190 ad
1091 2151 1278 2204 praedam
1298 2150 1488 2203 undique
1516 2161 1767 2188 concurren-

377 2217 490 2256 tibus
523 2216 662 2256 omnia
701 2216 805 2270 rapi,
839 2216 1014 2256 distrahi
1046 2224 1089 2256 ct
1120 2216 1325 2270 dissipari.
1389 2215 1474 2256 Sed
1504 2230 1602 2268 quae
1633 2216 1767 2269 major

376 2283 571 2323 atrocitas
604 2283 670 2323 vel
704 2283 880 2323 aviditas
911 2284 976 2324 vel
1011 2284 1155 2338 potius
1185 2298 1282 2338 quae
1314 2283 1447 2337 major
1482 2281 1767 2322 inhumanitas

377 2365 504 2402 quam
526 2350 701 2391 afflictos
721 2351 779 2391 sic
800 2350 983 2404 affligere
1004 2351 1020 2389 ἲ

1004 2486 1026 2519 f.
1047 2488 1124 2527 104,
1138 2485 1170 2519 b.
