1908 3135
343 245 363 282 1
371 244 426 283 02
751 252 990 285 GIRALDUS
1026 253 1324 285 CAMBRENSIS

340 351 582 407 praecipuus
623 365 710 391 esse
763 366 1002 406 proponens
1057 351 1100 391 in
1155 351 1435 405 aggressione,
1475 352 1526 391 ad
1576 358 1738 406 patrem

344 419 517 459 humilis
538 419 622 459 duo
640 419 856 472 petiturus
892 425 1009 459 tanto
1041 419 1255 472 aggressui
1285 418 1528 469 necessaria,
1552 419 1624 459 sed
1655 434 1739 460 non

343 487 662 541 impetraturUS,
692 486 876 526 accessit.
939 486 1070 526 Petiit
1107 486 1217 526 enim
1253 486 1367 540 quod
1387 486 1454 526 vel
1486 486 1576 540 ipse
1612 501 1740 540 pecu-

343 554 458 594 niam
479 553 517 593 ei
550 567 677 606 super
699 553 947 593 comitatum
970 553 1262 593 Pictavensem
1282 568 1418 607 usque
1439 553 1489 593 ad
1512 554 1739 593 terminum

344 620 576 675 peregrinis
610 620 825 660 indultum
860 627 1054 660 mutuam
1086 620 1231 669 daret3
1264 619 1331 660 vel
1367 620 1438 660 alii
1459 620 1604 669 cuivis,
1625 620 1740 660 fideli

344 695 485 728 tamen
506 694 548 728 et
569 687 679 741 patri
701 693 743 727 et
764 687 858 736 sibi,
882 687 1074 741 tutisque
1094 687 1288 727 manibus
1319 693 1362 727 et
1396 687 1566 736 securis,
1588 687 1741 741 impig-

345 754 485 794 norari
504 769 626 808 posse
648 754 910 803 concederet,
934 761 977 794 et
998 754 1113 808 quod
1134 753 1177 794 id
1198 769 1370 808 quoque
1392 762 1503 794 carta
1536 769 1609 794 sua
1644 769 1742 794 con-

345 822 544 862 firmaret.
604 820 665 861 Et
698 821 897 874 quoniam
927 828 1012 861 tam
1058 821 1341 875 longinquum
1381 821 1462 861 iter
1493 829 1536 862 et
1576 821 1742 876 pericu-

345 888 482 929 losum
502 887 685 941 arripere
707 888 869 937 debuit,
891 903 943 927 ne
966 888 1069 941 quid
1103 888 1293 928 absentia
1323 903 1399 928 sua
1428 896 1515 929 tam
1543 889 1668 941 longa
1698 888 1741 927 in

348 954 643 1009 praejudicium
678 953 814 1007 ipsius
845 954 1054 994 malitiose
1085 955 1313 994 machinari
1340 962 1496 1009 posset,
1518 955 1741 996 fidelitates

345 1036 569 1076 procerum
603 1020 721 1074 regni
744 1019 985 1074 Anglicani,
1008 1035 1171 1061 necnon
1201 1028 1243 1062 et
1274 1028 1480 1062 terrarum
1505 1023 1746 1063 transmari-

346 1103 509 1136 narum,
532 1087 672 1141 ipsum
707 1087 804 1141 jure
839 1087 1095 1128 hereditario
1131 1089 1742 1142 contingentium,fidelitates,

348 1155 459 1195 salva
475 1155 521 1213 in
541 1154 738 1194 omnibus
756 1154 962 1195 fidelitate
982 1155 1105 1209 patri,
1127 1156 1246 1210 prius
1264 1163 1306 1196 et
1326 1156 1520 1196 exhibita
1534 1164 1575 1198 et
1589 1157 1744 1207 debita,

349 1211 634 1276 suscipiendas
664 1221 917 1275 indulgeret.
980 1222 1032 1262 In
1062 1238 1244 1276 quorum
1264 1230 1447 1277 utroque
1469 1224 1584 1273 Rex,
1606 1224 1746 1278 ipsum

349 1289 523 1329 audiens
565 1288 737 1342 quidem
778 1289 850 1328 sed
889 1303 975 1329 non
1016 1290 1261 1339 exaudiens,
1310 1298 1555 1345 conceptam
1606 1291 1746 1331 animo

350 1355 586 1409 nequitiam
607 1370 807 1409 responso
827 1355 900 1395 tali
921 1356 1113 1409 palliavit
1130 1371 1139 1397 t
1173 1360 1200 1379 ‘⁶
1220 1357 1371 1407 Simul,
1391 1358 1429 1398 O
1444 1358 1504 1398 fili
1520 1357 1746 1407 carissime,

351 1423 475 1464 simul
496 1429 539 1463 et
559 1437 644 1462 non
665 1423 887 1476 separatim
908 1423 1010 1463 ituri
1032 1439 1178 1464 sumus
1198 1432 1241 1465 et
1273 1432 1438 1465 tantum
1470 1425 1552 1466 iter
1583 1440 1748 1479 aggres-

351 1490 453 1539 suri,
475 1490 551 1530 ubi
586 1505 669 1531 non
703 1490 838 1530 solum
865 1491 1059 1544 pecunia,
1082 1492 1155 1531 sed
1177 1498 1219 1532 et
1240 1493 1380 1532 omnia
1399 1492 1479 1533 viae
1501 1492 1748 1541 necessaria,

353 1557 488 1606 nobis,
512 1564 561 1597 ut
590 1557 723 1606 decet,
747 1563 871 1596 erunt
903 1558 1154 1598 communia.
1216 1558 1308 1599 Nec
1332 1559 1408 1599 tibi
1430 1559 1657 1613 quicquam
1680 1559 1750 1599 de-

355 1640 443 1665 esse
478 1624 636 1678 poterit
670 1624 785 1677 quod
817 1624 921 1664 mihi
961 1639 1178 1679 superesse
1207 1626 1414 1675 videatur,
1449 1627 1550 1680 quia
1580 1626 1641 1666 nil
1669 1626 1746 1666 nisi

354 1707 466 1733 mors
497 1692 596 1741 sola,
620 1707 718 1745 quae
749 1706 920 1745 parcere
952 1707 1037 1732 non
1072 1693 1203 1742 novit,
1224 1708 1300 1733 nos
1335 1694 1386 1734 ab
1422 1694 1599 1734 invicem
1634 1709 1750 1747 sepa-

356 1758 507 1799 rabit.’'
568 1758 729 1798 Invidit
765 1758 878 1798 enim
920 1759 1047 1799 etiam
1088 1767 1131 1800 et
1168 1760 1256 1800 filio
1294 1768 1413 1814 pater
1461 1760 1596 1814 prima
1644 1760 1751 1800 tanti

357 1840 576 1880 aggressus
612 1825 844 1874 conamina,
867 1826 1161 1880 primitiasque
1193 1827 1348 1868 laboris
1380 1828 1553 1882 egregii,
1584 1827 1752 1881 viaeque

358 1893 533 1946 gloriam
563 1892 864 1947 percelebrem,
886 1893 1205 1947 victoriamque,
1229 1895 1263 1934 si
1294 1894 1402 1935 forte
1433 1894 1645 1944 acciderit,
1668 1902 1753 1934 tam

359 1961 593 2014 insignem3
656 1975 751 2000 cum
801 1968 941 2001 tamen
992 1961 1026 2000 si
1076 1961 1183 2002 felix
1222 1963 1388 2016 utique,
1429 1966 1464 2002 si
1511 1962 1754 2002 fortunatus

359 2028 512 2067 fuisset
541 2027 659 2081 (quia
689 2027 822 2080 gloria
854 2028 1000 2081 patris,
1040 2036 1088 2069 ut
1114 2029 1173 2069 ait
1203 2029 1416 2079 Salomon,
1448 2036 1512 2070 est
1545 2029 1658 2069 filius
1693 2043 1756 2068 sa-

361 2095 513 2148 piens),
546 2095 579 2134 si
621 2094 725 2147 quid
761 2095 923 2147 gloriae,
957 2096 991 2135 si
1032 2096 1137 2149 quid
1168 2097 1359 2150 prosperi
1394 2104 1569 2137 eventus
1590 2096 1645 2136 in
1678 2096 1755 2136 hac

362 2162 429 2201 via
447 2161 536 2202 filio
557 2161 760 2202 Fortunae
780 2161 898 2202 favor
910 2162 1123 2217 adjecerit,
1147 2163 1267 2216 quasi
1288 2178 1405 2204 suam
1426 2163 1559 2217 ipsius
1580 2163 1756 2218 gloriam

363 2235 561 2281 reputare
583 2228 810 2268 debuisset.

425 2294 575 2334 Comes
625 2302 768 2335 autem
816 2295 1016 2336 invidiam
1067 2298 1159 2351 ejus
1217 2304 1346 2351 atque
1394 2298 1598 2338 malitiam
1658 2298 1757 2339 satis

368 2363 603 2410 advertens,
636 2377 731 2402 cum
773 2362 889 2402 aliud
932 2363 1082 2404 elicere
1122 2379 1371 2418 responsum
1411 2380 1497 2405 non
1536 2365 1758 2419 potuisset,

369 2445 393 2470 a
431 2437 549 2484 patre
588 2429 701 2469 filius
732 2444 905 2483 corpore
948 2430 1073 2471 simul
1129 2438 1171 2471 et
1200 2432 1323 2472 corde
1368 2432 1558 2473 decessit.
1621 2432 1762 2472 Picta-

369 2497 478 2538 viam
512 2497 657 2549 itaque
689 2512 937 2551 regressum,
973 2512 1069 2538 cum
1107 2498 1246 2552 ipsum
1279 2506 1397 2539 tanto
1435 2501 1654 2553 apparatui
1690 2515 1762 2540 ne-

373 2563 549 2604 cessaria
579 2563 714 2603 modis
746 2564 943 2603 omnibus
974 2571 1199 2615 maturare,
1231 2566 1484 2620 nunciisque
1516 2567 1568 2606 ad
1598 2567 1762 2620 Regem

375 2630 597 2678 Siculum,l
619 2630 824 2670 sororium
855 2645 992 2680 suum,
1014 2638 1188 2686 propter
1208 2633 1423 2687 navigium
1453 2634 1762 2687 properandum

421 2728 429 2746 ¹
457 2726 613 2759 william
634 2726 682 2759 ΙΙ.
700 2739 708 2767 ;
737 2728 757 2745 (ζ
771 2726 841 2771 ipse
859 2727 900 2760 ad
918 2727 1107 2761 subsidium
1126 2735 1222 2763 terrae
1248 2736 1373 2764 sanctae
1398 2732 1548 2776 proprior
1572 2737 1605 2765 ct
1630 2734 1763 2777 pronior

375 2773 579 2816 existebat‚''
600 2773 776 2816 Viuesauf,
795 2775 872 2807 258.
