1908 3135
326 276 380 316 68
738 280 975 313 GIRALDUS
1011 277 1308 310 cAMBRENSIS

327 384 518 433 adaucto,
543 383 614 423 sed
649 382 797 422 amodo
826 381 876 421 de
911 380 977 420 die
1009 379 1053 419 in
1085 379 1194 419 diem
1226 375 1503 417 decrescendo
1533 380 1577 415 et
1605 374 1721 415 brevi

329 458 518 505 tempore
559 449 762 498 durando,
799 447 1011 502 subjecit.¹
1089 445 1212 486 Hanc
1251 445 1396 497 itaque
1434 441 1722 496 propheticam

331 517 700 559 comminationem
739 514 885 569 (quam
923 513 1100 562 utinam,
1142 511 1338 565 exemplo
1378 509 1510 563 Regis
1550 508 1722 556 Ninive,

324 600 405 640 per
431 584 729 640 poenitentiam
763 588 1015 631 evacuasset,
1045 579 1381 633 sententiamque
1418 576 1573 618 mutari
1600 575 1721 616 fecis-

330 652 431 706 set!)
470 652 532 693 vir
572 658 739 692 sanctus
779 649 905 702 Regi,
944 647 1050 688 nihil
1099 662 1154 687 ex
1204 645 1547 699 contingentibus
1595 642 1722 683 omit-

331 720 474 768 tendo,
497 725 562 760 ter
592 717 762 766 emisit3
793 716 930 771 primo
960 714 1206 763 Londoniis,
1230 720 1279 754 ut
1310 713 1529 762 diximus3
1570 710 1722 751 deinde

332 787 555 837 Dovoriae3
589 785 715 827 tertio
738 798 833 825 vero
864 783 977 837 apud
1005 781 1270 822 Chinonense
1298 786 1480 820 castrum
1513 779 1557 818 in
1589 784 1721 818 trans-

330 858 514 900 marinis.
577 857 662 898 Sed
692 856 855 897 utinam
894 854 1137 895 Patriarcha
1168 853 1230 893 vir
1264 852 1415 893 fuisset
1447 866 1532 891 non
1562 850 1722 891 habens

331 926 541 980 spiritum,
574 931 617 964 et
649 922 912 964 mendacium
946 921 1090 976 potius
1122 926 1230 960 esset
1260 919 1451 960 locutus!
1485 918 1551 959 vel
1589 917 1721 971 magis

332 992 583 1034 sententiam
605 989 940 1032 comminationis
960 988 1113 1028 fuisset
1132 986 1388 1041 poenitentia
1418 993 1562 1026 secuta
1594 1001 1721 1039 quam

334 1058 641 1114 desperationis
657 1061 666 1099 ἲ

389 1126 453 1167 Ut
490 1132 632 1166 autem
673 1125 725 1165 ad
765 1123 1018 1165 evidentiam
1060 1123 1261 1177 majorem
1300 1122 1445 1176 paucis
1485 1121 1726 1162 summatim

332 1195 613 1249 anticipemus
644 1209 742 1248 quae
773 1192 941 1247 plenius
971 1191 1241 1246 postmodum
1270 1204 1591 1247 prosequemur,
1619 1189 1728 1229 sicut

332 1278 356 1302 a
388 1277 584 1317 praecone
613 1260 801 1302 veritatis
837 1266 900 1300 est
930 1257 1209 1313 propositum,
1243 1257 1301 1297 sic
1321 1257 1502 1297 vidimus
1533 1257 1578 1296 in
1611 1256 1725 1297 brevi

332 1329 602 1383 postmodum
627 1328 768 1368 divina
797 1326 1070 1381 dispositione
1099 1324 1369 1378 completum.
1433 1323 1541 1363 Cum
1572 1324 1729 1364 etenim

333 1405 494 1452 septem
530 1397 618 1436 fere
657 1396 791 1436 lustra
824 1394 1038 1448 regnando
1069 1392 1355 1446 compleverit,
1383 1407 1459 1432 sex
1496 1392 1593 1432 data
1632 1397 1731 1431 sunt

335 1465 373 1505 ei
404 1465 456 1505 ad
485 1464 742 1504 mundanam
771 1462 962 1517 gloriam,
985 1461 1037 1501 ad
1067 1459 1348 1501 conversionis
1376 1458 1655 1507 tolerantiam,
1677 1458 1730 1498 ad

337 1531 571 1573 devotionis
606 1530 937 1585 experientia1n3
985 1528 1212 1583 septimum
1240 1542 1350 1577 vero,
1380 1533 1582 1581 tanquam
1613 1540 1731 1566 servo

337 1600 516 1653 ingrato,
540 1606 756 1653 tamquam
787 1598 952 1652 abjecto
978 1611 1149 1652 prorsus
1180 1602 1224 1636 et
1253 1596 1491 1650 reprobato,
1523 1595 1648 1635 cessit
1679 1594 1731 1634 ad

337 1667 579 1716 vindictam,
603 1666 727 1707 cessit
747 1666 799 1706 ad
821 1679 1067 1714 aerumnam,
1090 1663 1214 1705 cessit
1235 1664 1286 1704 ad
1307 1662 1594 1717 ignominiam.
1657 1661 1733 1701 Se-

338 1735 476 1775 cundo
504 1749 687 1788 namque
718 1733 841 1773 lustri
876 1732 1045 1787 septimi
1077 1734 1218 1781 annof'
1249 1731 1392 1772 statim
1423 1730 1469 1769 in
1500 1729 1593 1783 ipso
1628 1728 1734 1768 tanti

337 1801 546 1856 praeconis
577 1801 774 1849 adventu,
808 1800 1008 1854 quoniam
1038 1806 1135 1840 ante
1165 1799 1330 1839 ruinam
1363 1797 1620 1838 exaltabitur
1651 1811 1735 1844 cor,

339 1868 500 1923 primus
541 1868 744 1922 ejusdem,
779 1882 906 1920 quem
951 1873 1068 1906 tanta
1105 1865 1324 1920 diligentia
1370 1871 1635 1919 promoverat
1667 1863 1735 1916 (de

339 1936 428 1976 filio
469 1950 523 1976 sc,
564 1935 757 1975 Johanne
805 1934 848 1974 in
888 1933 1141 1974 Hiberniam
1191 1932 1415 1986 mittendo)
1455 1932 1735 1986 pereuntibus

341 2018 469 2057 opera
488 2001 645 2057 pariter
667 2009 710 2043 et
739 2002 943 2056 impensa,
965 2016 1062 2041 cum
1086 2000 1309 2054 utriusque
1331 1999 1591 2049 confusione,
1614 2014 1737 2039 cona-

343 2076 412 2110 tus
443 2069 615 2110 evanuit
640 2076 683 2109 et
706 2069 758 2109 ad
784 2069 958 2122 plenum
987 2083 1073 2108 non
1104 2067 1306 2121 profecit3
1340 2067 1481 2116 tertio,
1501 2067 1575 2120 qui
1606 2073 1737 2107 terras

343 2151 561 2190 nunquam
623 2143 746 2176 antea
803 2135 1058 2190 perdiderat,
1108 2135 1180 2175 sed
1230 2149 1394 2188 semper
1443 2149 1531 2174 suae
1586 2133 1737 2173 ditioni

343 2210 538 2258 potenter
569 2203 791 2257 adjecerat,
814 2201 1015 2256 Philippo
1037 2202 1295 2242 Francorum
1319 2201 1455 2255 Rege,
1479 2216 1736 2255 quamquam

345 2271 463 2311 annis
493 2270 629 2310 adhuc
661 2269 830 2319 tenello,
852 2268 1046 2309 similiter
1082 2268 1127 2308 in
1158 2268 1298 2322 ipsum
1329 2283 1442 2308 arma
1471 2275 1663 2309 sumente
1695 2274 1739 2308 et

346 2338 496 2378 damna
525 2344 700 2392 paterna
729 2336 994 2385 resarciente,
1018 2335 1263 2376 Alverniam
1293 2335 1380 2376 fere
1412 2342 1544 2376 totam
1574 2335 1736 2385 amisit3

347 2412 512 2460 quartO,
547 2405 578 2445 C
584 2404 1017 2458 astellum-Radulphi
1048 2410 1091 2444 et
1122 2404 1243 2444 Berri
1274 2403 1362 2444 fere
1393 2410 1550 2454 totam3
1588 2403 1739 2458 quinto

345 2487 442 2513 vero
464 2472 633 2526 septimi
653 2472 775 2512 lustri
797 2487 906 2512 anno
920 2475 934 2496 3
957 2478 999 2512 et
1014 2472 1066 2512 ab
1088 2472 1271 2512 adventu
1294 2471 1550 2512 Patriarchae
1574 2478 1739 2525 quartO,

346 2540 472 2579 urbes
492 2539 880 2579 Cenomannensem
902 2546 945 2578 et
967 2538 1257 2579 Turonensem
1278 2554 1374 2578 cum
1395 2538 1574 2578 castellis
1595 2538 1740 2578 multis

347 2612 390 2644 et
425 2605 595 2644 demum
631 2605 828 2658 seipsum,
857 2606 985 2658 juxta
1020 2605 1127 2645 illud
1159 2604 1421 2646 Psalmistae:
1456 2604 1494 2645 A
1519 2606 1637 2657 facie
1669 2607 1741 2644 2⁰7·ae

347 2678 386 2711 et
416 2671 713 2725 indiynatiom's
749 2677 830 2711 tuce
865 2673 964 2725 quia
1000 2672 1161 2712 elevans
1200 2673 1367 2713 allisisti
1398 2687 1457 2713 me
1472 2691 1488 2721 ,·
1531 2680 1575 2712 et
1608 2672 1739 2715 illud:

396 2785 403 2803 ¹
431 2784 484 2817 Ex
505 2784 585 2818 Hib.
607 2785 765 2829 Expugn.
784 2796 816 2829 p.
837 2787 914 2818 800.
1125 2785 1137 2802 ‘²
1164 2797 1231 2818 ΑΛ).
1253 2788 1352 2819 1185.
1464 2786 1477 2804 ³
1501 2796 1569 2820 ΑΛ).
1591 2787 1692 2818 1189.
