1908 3135
481 218 543 249 DE
579 215 930 248 INSTRUCTIONE
965 215 1245 247 PRINCIPUM.
1475 200 1556 244 157

163 316 356 366 articulo,
388 316 668 357 communiter
697 315 978 365 indulserunt,
1012 320 1061 354 ut
1091 328 1242 368 corpus
1274 312 1436 352 nudum
1467 312 1558 350 abs-

164 400 247 439 que
269 384 426 424 amictu
448 383 639 438 quolibet
658 383 906 437 aliquandiu
926 382 1265 436 relinqueretur3
1303 380 1433 419 donec
1455 393 1560 432 puer

164 451 338 505 quidam
374 466 593 492 accurrens
625 450 753 505 pallio
794 465 869 490 suo
909 449 1087 498 modico,
1120 463 1166 489 ac
1204 447 1323 487 tenui
1365 446 1415 486 dc
1456 444 1556 484 filo¹

164 526 380 568 contexto,
415 518 531 573 quali
568 517 704 558 solent
745 517 892 558 aestivo
928 525 1117 570 tempore
1154 517 1332 570 juvenes
1376 513 1453 561 uti,
1487 512 1560 551 vix

163 601 302 640 genua
340 586 519 634 velante,
561 585 745 639 corporis
789 584 930 638 quoad
993 583 1136 638 potuit
1187 582 1301 622 nuda
1355 579 1558 620 contexit.

166 654 287 693 Tunc
322 652 579 706 completum
616 651 700 691 fuit
735 665 942 705 agnomen
974 650 1177 705 ejusdem,
1207 649 1316 689 sicut
1347 649 1398 688 de
1435 661 1561 700 agno-

164 719 351 760 minibus
380 734 494 773 saepe
515 718 647 759 videri
668 718 788 767 solet,
812 718 927 772 quod
948 718 986 758 ei
1021 717 1207 757 nondum
1240 716 1342 770 regi,
1366 715 1439 755 sed
1465 714 1558 754 duci

164 793 346 835 tantum,
367 785 628 841 juvenilibus
659 785 777 825 annis
798 785 943 825 datum
969 784 1120 826 fuerat.
1183 783 1400 827 Quoniam
1431 782 1562 822 0111111-

163 869 261 894 vero
283 860 401 893 curta
421 853 606 907 primum
637 852 764 907 pallia
785 852 836 892 de
859 851 1106 905 Andegavia
1133 852 1177 892 in
1202 851 1416 905 Angliam,
1444 848 1560 903 (quae

164 920 300 973 longis
341 928 384 961 et
415 920 603 960 demissis
641 920 692 960 ad
732 928 887 960 terram
926 919 1065 974 palliis
1100 920 1152 959 ab
1190 919 1254 959 avi
1286 918 1350 958 sui
1386 916 1562 957 Henrici

164 988 291 1042 primi
323 995 513 1042 tempore
549 988 613 1028 uti
652 988 959 1040 consueverat‚)
994 987 1074 1027 iste
1106 987 1303 1041 portavit,
1347 984 1561 1025 Henricus

166 1058 219 1097 ob
241 1057 320 1097 1100
345 1056 444 1097 Cum
465 1061 580 1096 curto
601 1055 795 1095 mantello
817 1057 945 1109 vulgo
966 1062 1138 1095 vocatus
1159 1062 1261 1094 erat.

224 1123 295 1164 Ad
339 1124 432 1164 haec
473 1123 600 1163 etiam
640 1137 736 1163 cum
782 1138 805 1162 a
842 1122 1034 1162 Chinone
1077 1122 1129 1161 ad
1174 1121 1337 1161 fontem
1374 1119 1557 1160 Ebrardi

166 1206 318 1246 corpus
364 1192 455 1245 ejus
495 1190 634 1230 efferri
674 1188 902 1238 debuisset,
943 1189 1016 1229 vix
1057 1189 1131 1242 qui
1181 1203 1332 1242 corpus
1387 1187 1561 1226 sindone

166 1265 431 1307 consuerent,
453 1257 527 1296 vix
559 1256 632 1310 qui
663 1256 715 1296 ad
743 1256 948 1295 feretrum
980 1270 1111 1309 equos
1132 1255 1199 1295 vel
1228 1254 1468 1294 invenirent
1497 1254 1562 1293 vel

166 1332 372 1380 aptarent,
388 1324 463 1364 vix
477 1324 552 1378 qui
571 1322 725 1363 debitis
739 1322 953 1376 obsequiis
973 1330 1014 1362 et
1036 1321 1252 1375 exsequiis
1273 1321 1401 1361 funus
1422 1336 1564 1375 prose-

167 1399 412 1447 querentur,
445 1391 607 1431 inventi
638 1397 750 1430 sunt.
814 1389 866 1430 In
897 1389 1113 1430 ecelesiam
1145 1396 1286 1429 autem
1314 1388 1560 1428 monialium

165 1461 366 1514 majorem
402 1473 574 1512 corpore
607 1458 697 1512 jam
738 1457 891 1506 delato,
924 1457 1036 1496 fama
1066 1456 1171 1496 fines
1208 1456 1450 1510 peruleibus
1486 1456 1562 1496 alis

166 1527 473 1575 transvolandQ
514 1525 723 1566 Comitem
765 1524 967 1565 Pictaviae
1013 1525 1064 1565 ad
1104 1532 1298 1579 paternas
1338 1524 1563 1578 exsequias

167 1595 282 1635 ocius
310 1593 494 1634 advexit.
558 1592 647 1634 Qui
681 1607 776 1632 011111
807 1592 1022 1632 00010310111
1057 1592 1235 1632 intraret
1255 1599 1298 1632 et
1328 1592 1380 1631 ad
1412 1607 1563 1645 corpus

167 1662 395 1710 accederet,
418 1660 548 1714 patris
569 1659 694 1700 facies
725 1659 769 1698 in
801 1660 892 1714 ejus
922 1659 1120 1708 adventu,
1151 1660 1318 1699 sudario
1351 1675 1435 1713 quo
1467 1675 1563 1699 coo-

166 1736 287 1784 perta
318 1729 456 1769 fuerat
490 1717 661 1776 nudata,
693 1727 941 1781 comparuit.
1004 1727 1116 1769 Quae
1149 1735 1351 1781 tanquam
1383 1727 1565 1767 colorata

168 1805 211 1837 et
232 1796 354 1836 solita
374 1795 542 1836 feritate
562 1809 647 1834 non
669 1801 801 1834 exuta
821 1809 915 1834 cum
939 1794 1134 1834 omnibus
1156 1802 1389 1849 appareret,
1414 1795 1564 1836 Comes

169 1879 216 1904 ea
247 1864 436 1917 inspecta
472 1877 556 1902 non
595 1862 754 1915 absque
786 1861 960 1901 fremitu
992 1862 1125 1901 carnis
1157 1869 1200 1901 et
1234 1862 1418 1910 horrore,
1441 1870 1565 1902 natu-

167 1931 329 1985 ralique
384 1930 494 1970 forte
554 1929 710 1978 dolore,
753 1943 887 1969 coram
949 1928 1069 1969 altari
1119 1944 1258 1983 genua
1306 1944 1480 1983 ponens,
1522 1929 1564 1969 in

169 1998 357 2038 oratione
396 1997 623 2046 modicum,
657 2003 699 2036 et
739 2003 940 2049 tanquam
972 1996 1187 2036 Orationis
1219 1996 1459 2037 Dominicae
1490 2012 1566 2051 per

168 2065 366 2120 spatium,
388 2064 461 2104 vix
483 2063 698 2103 remansit.
743 2062 826 2102 Sed
848 2062 990 2102 statim
1011 2070 1061 2102 ut
1081 2063 1297 2103 ecclesiam
1318 2064 1560 2113 intraverat,

168 2133 277 2174 sicut
302 2132 529 2187 perhibent
553 2131 627 2185 qui
660 2137 891 2184 praesentes
920 2130 1098 2170 fuerunt
1125 2138 1168 2171 et
1190 2131 1401 2180 viderunt,
1435 2131 1566 2185 Regis

169 2201 370 2254 utrinque
401 2199 512 2238 naris
543 2198 746 2252 sanguine
778 2199 910 2252 coepit
939 2213 1122 2247 manare,
1146 2206 1189 2238 et
1221 2199 1423 2252 quamdiu
1454 2199 1565 2238 filius

169 2268 211 2308 in
253 2266 427 2306 ecclesia
462 2265 615 2313 fuerat,
654 2279 736 2303 non
777 2265 978 2314 cessavit3
1032 2264 1134 2304 adeo
1171 2272 1220 2305 ut
1256 2266 1484 2305 assidentes
1524 2273 1567 2305 et

169 2334 309 2374 funeri
349 2334 631 2385 obsequentes
669 2346 713 2371 os
755 2338 797 2370 et
836 2331 987 2370 faciem
1043 2331 1211 2370 sudario
1251 2332 1469 2385 detergere
1520 2347 1565 2372 ac

170 2415 348 2455 purgare
380 2400 454 2440 vix
494 2398 734 2439 valuissent.
798 2398 932 2452 Cujus
972 2404 1114 2437 autem
1163 2397 1223 2437 rei
1275 2398 1442 2451 signum
1482 2399 1566 2439 sive

169 2474 415 2522 portentum
460 2467 539 2506 hoc
589 2480 677 2505 esse
719 2465 921 2518 potuerit,
970 2479 1102 2517 quum
1154 2480 1352 2519 expressa
1385 2467 1568 2515 1·οο0111,2

170 2535 349 2589 diligens
380 2549 456 2588 per
492 2549 534 2574 se
570 2533 701 2572 lector
737 2533 940 2581 advertat,
972 2532 1287 2586 theoricamque
1322 2548 1345 2572 a
1383 2533 1568 2587 physicis

170 2603 391 2651 rationem,
412 2616 498 2655 quo
521 2600 620 2640 talia
641 2599 889 2653 contingant
910 2599 1088 2653 impetu,
1121 2599 1266 2639 subtili
1299 2599 1567 2653 indagatione

173 2669 385 2723 exquirat.

314 2753 320 2771 ¹
344 2751 423 2796 pilo,
439 2751 513 2784 MS.
722 2750 733 2768 ²
760 2749 931 2791 Quidnam
950 2760 1109 2794 expressa
1127 2749 1260 2782 (locent.
1288 2749 1395 2792 Bouq.
