1908 3135
347 304 400 343 52
751 306 996 341 GIRALDUs
1031 302 1328 337 OAMBRENsis

344 410 533 466 ejusdem
553 407 761 463 privilegii
783 421 877 447 cum
907 402 1193 446 universitatis
1213 414 1396 448 assensu,
1419 394 1615 437 solemnis
1635 392 1740 434 reci-

343 479 448 519 tatio
478 477 589 517 facta
616 475 714 524 fuit,
736 487 899 514 necnon
936 478 978 511 et
1014 470 1187 511 alterius
1219 466 1430 522 privilegii
1463 478 1538 518 per
1572 461 1740 502 eosdem

343 543 587 593 transmissi,
603 542 718 596 quod
729 541 842 581 idem
862 554 941 580 rex
962 539 1014 579 ab
1031 536 1224 577 Adriano
1243 535 1359 588 Papa
1378 529 1614 573 Alexandri
1632 543 1741 582 prae-

344 613 559 653 decessore
579 617 703 650 antea
721 607 1016 662 perquisierat,
1038 618 1112 658 per
1141 603 1167 643 J
1170 616 1347 642 oannem
1369 597 1741 642 Sarisburiensem,

343 678 613 734 postmodum
628 676 887 730 Episcopum
904 672 1219 718 Carnotensem,
1244 669 1424 709 Romam
1443 666 1495 706 ad
1514 665 1593 704 hoc
1616 661 1743 703 desti-

344 754 506 794 natum,
520 759 596 799 per
608 757 736 798 quem
749 741 876 782 etiam
889 740 1000 780 idem
1016 739 1132 792 Papa
1146 736 1260 789 Regi
1282 734 1488 775 annulum
1505 745 1678 772 aureum
1700 728 1746 768 in

345 812 609 853 investiturae
639 810 804 862 signum
841 812 1190 861 praesentaverat3
1228 802 1303 856 qui
1322 801 1463 841 statim
1497 798 1622 839 simul
1649 810 1745 837 cum

348 879 568 934 privilegio
589 878 633 917 in
655 875 832 917 archivis
854 872 1108 927 Wyntoniae
1130 869 1341 924 repositus
1362 868 1513 908 fuerat.
1557 864 1683 905 Unde
1706 870 1748 902 et

348 946 569 999 utriusque
591 942 800 998 privilegii
822 948 1011 980 tenorem
1028 938 1094 978 hic
1116 938 1365 976 interserere
1378 949 1463 973 non
1484 931 1747 986 superfluum

347 1011 554 1067 reputavi.
615 1009 722 1049 Erat
742 1008 887 1060 itaque
906 1005 1031 1059 primi
1054 1012 1097 1043 et
1117 1003 1255 1057 primo
1276 1000 1493 1055 impetrati
1514 1006 1635 1038 tenor
1654 997 1743 1036 hic:

407 1078 678 1118 “Adrianusl
693 1075 933 1129 Episcopus
950 1086 1092 1112 servus
1105 1084 1321 1110 servorum
1334 1068 1432 1116 Dei,
1449 1065 1688 1106 charissimo
1705 1064 1747 1103 in

352 1147 520 1187 Christo
536 1144 624 1184 filio
645 1142 802 1183 illustri
824 1140 1067 1194 Anglorum
1090 1137 1201 1191 Regi
1223 1136 1401 1176 salutem
1415 1141 1458 1174 et
1478 1132 1750 1187 apostolicam

350 1211 722 1254 benedictionemf‘
760 1207 1053 1249 Laudabiliter
1074 1205 1174 1245 satis
1204 1211 1246 1244 et
1262 1203 1479 1243 fructuose
1497 1201 1547 1240 de
1569 1199 1751 1253 glorioso

352 1280 521 1321 nomine
548 1276 819 1333 propagando
833 1275 877 1314 in
902 1273 1037 1322 terris,
1061 1280 1104 1313 et
1126 1278 1298 1312 aeternae
1326 1268 1542 1310 felicitatis
1575 1267 1752 1321 praemio

353 1346 608 1389 cumulando
647 1345 691 1384 in
723 1343 857 1391 coelis,
897 1348 972 1382 tua
1001 1338 1315 1393 magnificentia
1350 1336 1532 1390 cogitat;
1572 1335 1673 1374 dum
1700 1333 1753 1373 ad

354 1415 588 1456 dilatandos
616 1411 820 1453 Ecclesiae
854 1409 1068 1457 terminos,
1099 1408 1152 1447 ad
1184 1405 1475 1447 declarandam
1498 1402 1678 1442 indoctis
1711 1409 1754 1441 et

354 1483 531 1524 rudibus
570 1480 739 1536 populis
773 1477 1024 1518 Christianae
1065 1475 1165 1515 fidei
1204 1474 1439 1520 veritatem,
1481 1478 1524 1511 et
1553 1469 1755 1511 vitiorum

355 1549 562 1606 plantaria
593 1548 642 1587 de
674 1561 774 1600 agro
810 1544 1035 1585 Dominico
1070 1541 1334 1596 extirpanda,
1370 1539 1479 1579 sicut
1512 1536 1755 1577 Catholieus

362 1617 567 1671 princeps,
600 1613 815 1662 intendis3
863 1619 905 1652 et
951 1611 1001 1652 ad
1034 1611 1077 1650 id
1109 1607 1426 1650 convenientius
1457 1603 1757 1658 exequendum

360 1680 582 1724 consilium
619 1677 881 1732 Apostolicae
915 1675 1024 1715 sedis
1061 1673 1197 1726 exigis
1237 1679 1280 1712 et
1318 1671 1516 1710 favorem.
1580 1666 1632 1707 In
1672 1680 1756 1720 quo

365 1746 473 1785 facto
495 1750 654 1797 quanto
677 1741 816 1782 altiori
839 1739 1012 1780 consilio
1035 1745 1078 1778 et
1097 1735 1247 1791 majori
1270 1734 1520 1775 discretione
1550 1730 1756 1786 procedis,

362 1819 481 1853 tanto
526 1811 570 1850 in
619 1824 668 1849 eo
707 1808 939 1848 feliciorem
979 1818 1260 1860 progressum,
1299 1809 1356 1850 te,
1397 1806 1626 1855 praestante
1669 1797 1759 1838 Do-

362 1878 492 1927 mino,
527 1875 775 1917 confidimus
806 1873 1078 1921 habiturum3
1112 1885 1161 1910 eo
1187 1869 1303 1923 quod
1333 1868 1384 1908 ad
1414 1868 1574 1907 bonum
1593 1864 1759 1905 exitum

364 1960 529 2000 semper
550 1950 592 1984 et
621 1943 749 1983 finem
771 1941 932 1981 soleant
967 1938 1190 1991 attingere,
1224 1952 1321 1990 quae
1345 1936 1395 1975 de
1416 1935 1562 1975 ardore
1581 1932 1695 1981 fidei,
1719 1938 1762 1971 et

366 2012 578 2066 religionis
596 2024 750 2057 amore,
772 2007 1028 2062 principium
1049 2011 1314 2058 acceperunt.
1377 2002 1486 2042 Sane
1510 1999 1762 2040 Hiberniam

368 2087 411 2120 et
438 2093 581 2119 omnes
612 2076 770 2116 insulas
798 2075 954 2128 quibus
984 2073 1053 2113 So]
1083 2071 1266 2126 justitiae
1299 2069 1493 2109 Christus
1529 2068 1688 2116 illuxit,
1721 2072 1764 2106 et

370 2161 466 2200 quae
500 2145 752 2185 documenta
786 2142 886 2181 fidei
911 2140 1162 2180 Christianae
1197 2142 1416 2191 ceperunt,
1449 2135 1501 2175 ad
1533 2135 1602 2189 jus
1639 2133 1764 2173 Beati

371 2213 488 2254 Petri
524 2218 567 2252 et
601 2215 875 2251 sacrosanctae
911 2208 1119 2248 Romanae
1152 2204 1356 2246 Ecclesiae
1380 2202 1511 2256 (quod
1544 2208 1618 2242 tua
1639 2201 1766 2241 etiam

370 2280 569 2321 nobilitas
610 2276 888 2331 recognoscit)
920 2290 1005 2315 non
1037 2282 1102 2315 est
1133 2273 1313 2313 dubium
1351 2270 1577 2324 pertinere.
1639 2267 1767 2308 Unde

372 2355 488 2388 tanto
531 2347 576 2387 in
618 2346 677 2385 eis
723 2343 927 2383 libentius
966 2341 1271 2396 plantationem
1320 2338 1487 2378 fidelem
1521 2343 1564 2376 et
1597 2349 1768 2389 germen

371 2422 538 2470 gratum
569 2413 665 2453 Deo
697 2410 932 2458 inserimus,
974 2415 1134 2462 quanto
1174 2407 1218 2446 id
1245 2421 1268 2446 a
1298 2405 1421 2445 nobis
1465 2404 1631 2443 interno
1671 2417 1770 2442 exa-

372 2482 485 2521 mine
516 2477 796 2534 prospicimus
832 2476 1102 2529 exigendum.
1167 2472 1421 2527 Significasti
1455 2470 1663 2524 siquidem
1697 2483 1772 2508 no-

374 2548 454 2597 bis,
486 2547 546 2586 fili
585 2546 628 2586 in
663 2545 832 2586 Christo
871 2543 1125 2591 charissime,
1157 2549 1198 2582 te
1233 2539 1456 2581 Hiberniae
1496 2536 1690 2585 insulam,
1723 2535 1775 2575 ad

426 2652 436 2671 ¹
462 2650 555 2694 Pope
581 2648 710 2682 Adrian
744 2647 808 2688 IV,
826 2658 867 2679 an
884 2645 1043 2689 English·
1111 2645 1241 2686 Dicem,
1269 2643 1323 2677 cd.
1342 2641 1478 2688 Twysd.
1494 2653 1527 2686 p.
1546 2642 1614 2673 529
1630 2651 1636 2673 :
1656 2638 1722 2671 and
1740 2639 1773 2671 in

379 2708 483 2737 man3
531 2693 723 2741 previously
763 2692 879 2726 Abbot
920 2692 957 2724 of
994 2692 1043 2725 St.
1111 2703 1170 2724 our
1188 2690 1337 2723 anthor's
1355 2688 1500 2730 treatise,
1550 2686 1602 2719 De
1631 2685 1730 2718 rebus
1755 2696 1775 2717 a

381 2742 535 2777 Alban's.
1111 2749 1147 2770 se
1176 2737 1290 2781 gestis,
1317 2735 1396 2769 AS.
1423 2734 1459 2767 ii.
1488 2735 1565 2774 485,
1584 2731 1650 2765 and
1675 2731 1773 2776 again

428 2789 440 2807 ²
464 2788 519 2821 Jo.
540 2786 687 2828 Fordun,
717 2783 952 2818 scoti-chron.
985 2783 1045 2817 xii.
1112 2783 1146 2816 in
1164 2783 1220 2816 the
1240 2782 1321 2815 Hib.
1340 2781 1498 2825 Expugn.
1517 2779 1594 2814 787.

383 2838 440 2872 33.
490 2832 630 2868 Printed
656 2831 726 2866 also
754 2831 786 2864 in
815 2829 985 2875 Radulph.
1004 2828 1045 2862 de
