1908 3135
477 208 538 238 DE
573 206 924 238 INSTRUCTIONE
959 205 1238 236 PRINCIPUM.
1473 196 1552 233 115

156 309 266 350 sicut
296 316 339 349 et
367 308 529 362 Anglos
560 312 867 361 oppresserant,
900 305 1097 345 libertate
1129 302 1330 343 sublimes
1361 309 1404 342 et
1431 301 1554 342 validi

158 377 282 430 longe
315 377 367 417 ad
399 375 702 430 propulsandas
738 373 914 428 injurias
946 379 990 412 et
1021 370 1292 412 animosiores
1323 368 1556 408 extiterant

159 451 203 483 et
222 443 347 483 armis
363 442 692 483 exercitatiores.
742 440 861 481 Colla
878 439 1037 494 quippe
1057 438 1265 479 nobilium
1282 443 1556 491 tyrannorum

159 511 378 551 atrocitate
414 509 583 559 calcata,
617 508 800 562 qualiter
840 508 893 547 ad
932 506 1212 547 resistendum
1248 503 1390 544 liberis
1429 503 1557 543 Fran-

159 593 301 618 corum
326 577 450 618 armis
471 576 707 630 animisque
728 574 942 615 ferocibus
959 587 1187 626 exsurgere
1208 571 1418 626 possunt?
1479 570 1559 610 Ni-

159 645 220 685 hil
260 652 323 685 est
358 644 515 685 etenim
549 643 665 697 quod
700 643 804 682 adeo
836 642 962 682 corda
992 641 1177 680 virorum
1212 640 1264 680 ad
1302 638 1558 693 probitatem

159 712 332 761 excitet,
357 711 490 765 erigat
507 716 551 751 et
576 710 740 759 invitet,
765 717 815 750 ut
841 708 1050 749 libertatis
1073 707 1289 756 hilaritas3
1321 705 1428 745 nihil
1455 705 1558 745 adeo

159 779 359 833 deprimit
398 785 442 819 et
480 778 676 827 deterret,
714 784 764 817 ut
801 775 1016 817 servitutis
1057 774 1286 829 oppressiO.
1348 773 1469 814 Facit
1507 772 1559 812 ad

159 846 238 886 hoc
261 846 376 900 quod
407 846 534 886 etiam
564 845 780 899 exquisito
810 843 910 885 huic
935 842 1185 891 infortunio,
1208 848 1294 881 tam
1320 841 1364 881 in
1396 847 1560 894 patrem

159 914 250 963 filii,
287 928 414 967 quam
453 913 498 953 in
538 928 581 952 se
618 912 797 952 invicem
833 911 997 959 fratres,
1030 916 1175 950 contra
1214 915 1380 949 naturae
1417 907 1559 947 foedus

161 988 247 1021 tam
289 981 535 1034 frequenter
579 980 818 1033 insurgunt.
901 977 1015 1019 Quia
1063 976 1268 1030 scriptum
1312 981 1388 1023 est,
1436 974 1560 1014 Omne

159 1062 326 1101 reynum
365 1049 409 1087 in
445 1062 486 1087 se
528 1047 702 1086 divisam
741 1045 1008 1086 desolabitur.
1086 1044 1146 1084 Et
1178 1042 1293 1092 alibi,
1332 1041 1560 1081 Concordia

114 1145 118 1148 »
160 1130 314 1169 maynae
360 1130 424 1155 res
461 1120 661 1163 crescunt,
702 1112 910 1153 discordia
954 1125 1046 1151 vero
1083 1111 1269 1150 maoeimoe
1307 1108 1560 1149 dilabuntur.

165 1183 269 1224 Inde
309 1197 407 1223 vero
447 1198 469 1222 e
511 1182 688 1229 diverso,
735 1194 887 1233 magno
928 1179 1114 1232 quodam
1164 1178 1351 1218 fortunae
1404 1176 1560 1224 favore,

162 1249 340 1305 piissimi
368 1249 524 1303 patris¹
556 1247 737 1288 felicitas
762 1252 936 1286 cunctos
960 1245 1048 1285 fere
1075 1245 1154 1285 filii
1180 1243 1414 1284 fortunavit
1438 1257 1562 1283 even-

164 1326 246 1358 tus.
308 1316 405 1357 Hoc
447 1315 618 1369 quidem
659 1321 702 1354 et
744 1314 812 1354 hic
853 1312 1040 1353 notabile
1078 1311 1239 1361 censui,
1274 1311 1389 1364 quod
1426 1309 1563 1350 Palla-

164 1384 226 1424 dis
255 1391 299 1424 et
329 1383 539 1425 Minervae
571 1382 724 1431 studia,
755 1380 897 1421 Musae
918 1379 1113 1419 videlicet
1144 1385 1187 1419 et
1217 1377 1383 1418 militiae
1416 1384 1562 1426 castra,

164 1460 367 1506 tanquam
410 1450 571 1505 junctis
628 1449 816 1490 dexteris
866 1447 1131 1500 firmatisque
1181 1445 1431 1494 foederibus,
1474 1459 1563 1484 sese

164 1533 328 1574 semper
364 1517 635 1559 concomitari
668 1516 819 1557 solent.
883 1515 1004 1555 Sicut
1038 1515 1082 1554 in
1115 1513 1285 1553 Graecia
1316 1511 1565 1553 Macedonis

165 1586 404 1628 Alexandri
439 1585 703 1639 temporibus
735 1590 778 1624 et
808 1582 1004 1631 Achillis,
1037 1582 1190 1622 Romae
1218 1595 1317 1621 vero
1351 1579 1566 1619 Caesarum

164 1662 383 1708 tempore3
430 1668 542 1693 nunc
582 1658 725 1692 autem
756 1651 822 1691 his
857 1650 1012 1690 nostris
1049 1649 1213 1697 diebus,
1245 1655 1289 1688 et
1321 1662 1344 1686 a
1377 1653 1565 1699 tempore

167 1721 343 1776 Pippini
365 1720 722 1772 Karolorumque,
738 1733 785 1758 ac
804 1717 1017 1771 deinceps,
1032 1716 1221 1756 studium
1242 1715 1286 1754 in
1308 1715 1565 1755 Francorum

166 1803 297 1843 regno
318 1788 440 1828 floret
461 1789 726 1840 utrumque-2

731 1952 836 1993 CAP.
863 1950 1001 1992 XIII.

166 2068 233 2107 De
261 2067 377 2119 Regse
400 2065 585 2105 Hemico
620 2064 883 2117 apostematis
917 2060 1161 2101 incommodo
1194 2060 1359 2099 circiter
1393 2059 1564 2112 inguina

225 2139 424 2186 correptO,
468 2138 507 2171 et
557 2131 803 2184 confessione
852 2129 1008 2169 demam
1050 2129 1176 2181 facta
1222 2128 1352 2180 mayis
1402 2132 1563 2166 eoetorta

227 2207 362 2241 tamen
384 2214 504 2254 quam
526 2199 685 2238 devota.

226 2312 405 2351 ELAPSA
426 2309 557 2363 igitur
576 2308 741 2361 hyeme,
770 2305 929 2346 Martio
950 2311 1153 2358 sequente
1167 2305 1182 2326 ³
1204 2304 1303 2343 Rex
1326 2303 1562 2357 Anglorum
1581 2321 1673 2351 nenry

169 2382 442 2433 apostemate,
476 2375 591 2429 quod
626 2374 664 2414 ei
697 2374 805 2413 circa
837 2372 1035 2427 pudenda
1065 2385 1119 2410 ex
1151 2371 1284 2410 acutis
1316 2370 1563 2410 humoribus

1579 2352 1687 2385 ple-ascd
1700 2351 1765 2376 with

1580 2386 1678 2415 having
1692 2385 1736 2408 the

1579 2419 1667 2449 clergy
1681 2421 1706 2441 at
1723 2417 1763 2441 his

168 2446 445 2491 intumuerat,
478 2450 522 2483 et
551 2443 637 2496 jam
671 2441 715 2481 in
746 2440 929 2480 fistulam
963 2453 1209 2479 conversum
1243 2438 1394 2486 fuerat,
1429 2437 1564 2477 Ceno·
1580 2456 1665 2476 com-t.
1704 2451 1745 2474 ne

1579 2484 1723 2513 consesses,

170 2512 333 2552 mannis
353 2511 536 2565 graviter
552 2509 730 2549 afflictus
753 2507 962 2548 accubuit.
1025 2505 1227 2545 Habebat
1243 2512 1385 2545 autc-m
1407 2519 1563 2553 secum,
1581 2518 1631 2541 but
1645 2517 1707 2547 only

171 2580 387 2634 curiaeque
428 2593 516 2618 suae
558 2590 757 2630 sequaces
799 2581 900 2614 tunc
941 2572 1142 2627 temporis
1192 2572 1370 2620 assidue,
1411 2579 1568 2626 praeter

170 2648 387 2702 episcopos
418 2653 461 2686 et
491 2645 664 2685 abbates
697 2642 915 2697 plurimOS,
938 2640 1272 2694 archiepiscopos
1295 2646 1392 2688 tres,
1417 2639 1568 2678 Balde-

242 2735 250 2753 ¹
278 2734 382 2767 Louis
402 2733 486 2766 VII.
687 2730 699 2750 2
724 2730 787 2763 See
806 2729 863 2762 thc
881 2729 1026 2774 presacc,
1045 2740 1076 2772 p.
1098 2730 1127 2761 (5.
1271 2728 1285 2747 3
1310 2739 1378 2760 mr).
1400 2729 1499 2758 ΠΜ).

1377 2794 1384 2814 1
1414 2786 1433 2814 2

1582 2550 1685 2583 partini}
1689 2557 1712 2580 y
