1908 3135
385 267 441 308 96
796 281 1036 313 GIRALDUS
1071 282 1370 315 CAMBRENsrs

387 384 431 418 et
458 392 555 418 eum
586 379 720 420 acrius
743 387 1005 434 perseqatur.
1069 379 1177 419 Cum
1204 379 1336 434 igitur
1362 380 1493 435 ipsius
1528 380 1786 422 Ierosolimi-

388 451 500 485 tanae
536 451 676 495 terrae,
709 446 819 486 sicut
854 446 898 485 in
930 460 1014 500 qua
1048 445 1241 486 Christus
1276 446 1510 487 humanum
1544 462 1676 501 genus
1708 463 1783 489 sua

388 519 525 553 morte
552 513 743 562 redemit,
771 515 952 568 jacturae
981 528 1056 554 seu
1082 513 1346 554 incommoda
1376 514 1655 567 generaliter1
1686 530 1784 555 con-

389 578 555 633 tingant
576 579 845 620 Christicolas
875 580 1104 631 universos,
1136 580 1297 634 placuit
1323 581 1459 630 nobis,
1483 596 1577 621 cum
1609 582 1783 622 consilio

388 644 580 696 fratrum,
602 647 719 687 vobis
742 647 926 702 primum
948 647 1023 701 qui
1044 647 1087 687 in
1113 647 1285 701 specula
1305 647 1491 688 ecclesiae
1521 647 1648 702 positi
1670 649 1783 698 estis,

389 713 540 754 deinde
561 713 665 763 aliis,
688 714 740 754 ad
761 714 1019 754 destinanda*
1036 714 1224 754 subsidia
1255 714 1337 769 ipsi
1359 721 1498 764 terrae,
1522 721 1665 755 nostra
1686 715 1785 755 diri-

386 794 485 833 gere
523 780 691 835 scripta.
773 781 957 821 Proinde
996 795 1194 835 rogamus
1233 796 1304 822 vos
1346 788 1389 821 et
1428 781 1701 822 exhortamus
1740 782 1784 822 in

387 845 588 895 Domino,
611 854 654 888 et
678 862 754 901 per
774 847 1002 901 apostolica
1025 848 1181 901 scripta
1208 848 1469 898 mandamus,
1492 850 1691 902 quatinus
1711 864 1784 889 vos

384 912 467 966 ipsi
498 914 552 954 ad
586 928 829 953 succursum
851 914 1040 968 ejusdem
1061 914 1303 967 provinciae,
1324 921 1410 954 tam
1436 915 1480 954 in
1509 930 1782 969 personarum

386 994 514 1033 quam
544 995 685 1020 rerum
717 980 928 1030 missione,
958 980 1118 1021 auxilia
1149 981 1430 1035 competentia
1462 982 1782 1032 transmittatis3

386 1054 436 1088 ut
468 1047 553 1097 alii,
587 1063 684 1088 cum
715 1062 786 1087 vos
810 1047 993 1087 viderint
1024 1048 1103 1088 hoc
1135 1054 1321 1102 agentes,
1353 1048 1403 1087 ad
1438 1047 1690 1089 imitandum
1710 1064 1783 1089 vos

386 1114 582 1169 exemplo
613 1121 751 1155 vestro
783 1114 950 1154 facilius
988 1121 1282 1168 provocentur.
1357 1114 1580 1169 Subjectos
1612 1131 1782 1170 quoque

385 1188 544 1222 vestros
584 1181 810 1221 efficaciter
851 1180 1062 1221 inducatis
1099 1181 1150 1220 ad
1189 1181 1267 1221 hoc
1300 1182 1439 1236 ipsum
1478 1183 1701 1236 agendum,
1734 1190 1784 1224 ut

385 1263 482 1288 cum
502 1263 573 1288 vos
595 1255 638 1288 et
658 1248 720 1287 illi
751 1248 851 1287 socii
872 1247 1039 1287 fueritis
1060 1248 1278 1301 passionis,
1302 1249 1489 1290 debeatis
1511 1265 1612 1300 esse,
1636 1266 1783 1304 quem-

384 1315 611 1355 admodum
646 1315 759 1355 dixit
792 1313 1020 1369 apostolUS,
1055 1322 1098 1355 et
1132 1315 1360 1370 participes
1395 1317 1704 1366 consolationis,
1736 1333 1781 1358 ac

384 1381 640 1421 remissionis
674 1381 788 1421 illius
824 1396 920 1435 quae
959 1381 1324 1435 proficiscentibus
1355 1383 1470 1432 illuc,
1502 1383 1567 1424 vel
1599 1399 1779 1437 congrua

385 1448 581 1501 suffi·agia
598 1447 995 1496 transmittentibus,
1016 1448 1134 1501 prius
1151 1464 1174 1488 a
1186 1449 1477 1502 predecessore
1499 1458 1642 1491 nostro
1654 1452 1779 1492 bonae

384 1515 599 1555 memoriae
619 1514 826 1568 Gregorio
840 1529 962 1568 papa,
981 1521 1022 1554 et
1042 1516 1313 1568 postmodum
1335 1531 1358 1556 a
1378 1517 1512 1565 nobis,
1530 1518 1781 1571 generaliter

386 1589 449 1623 est
478 1581 656 1623 indulta.
717 1581 931 1623 Volumus
954 1588 1096 1622 autem
1128 1588 1177 1622 ut
1197 1582 1379 1632 clericos,
1405 1584 1477 1637 qui
1495 1591 1645 1624 vestrae
1671 1585 1781 1638 juris

385 1648 537 1689 ditioni
568 1648 818 1698 subsistunt,
848 1648 1099 1689 auctoritate
1136 1657 1278 1690 nostra
1309 1656 1351 1689 et
1377 1657 1514 1690 vestra
1545 1651 1702 1704 cogatis
1733 1659 1782 1692 ut

386 1716 437 1756 de
473 1715 594 1756 bonis
614 1730 711 1770 quae
746 1715 906 1755 habent
940 1722 1061 1756 terrae
1098 1715 1161 1756 illi
1196 1731 1279 1757 non
1316 1717 1513 1757 differant
1544 1718 1780 1760 subvenire.

388 1782 668 1824 Constituatis
691 1797 861 1836 quoque
884 1782 1037 1836 singuli
1058 1798 1132 1837 per
1150 1783 1415 1838 episcopatus
1431 1792 1590 1825 vestros
1610 1785 1781 1826 clericos

388 1850 604 1899 discretos,
633 1849 778 1890 fideles
814 1855 856 1889 et
891 1850 1101 1904 providos,
1133 1851 1207 1904 qui
1243 1851 1531 1891 subventionis
1560 1852 1783 1906 pecuniam

386 1917 571 1958 studiose
604 1916 800 1970 colligere
836 1917 1031 1967 debeant,
1064 1924 1106 1958 et
1146 1933 1242 1958 cum
1274 1918 1448 1958 consilio
1481 1926 1618 1959 vestro
1652 1926 1782 1974 atque

386 1984 564 2024 aliorum
593 1984 853 2038 prudentum
873 1983 1058 2024 virorum
1081 1985 1113 2024 si
1145 2000 1311 2025 necesse
1332 1985 1476 2035 fuerit,
1496 1986 1679 2026 fideliter
1701 1987 1782 2027 dis-

384 2054 594 2105 pensare.2
654 2050 763 2090 Sane
784 2050 1043 2104 quicumque
1064 2065 1159 2090 vere
1179 2051 1391 2104 poenitens
1416 2053 1459 2092 in
1483 2068 1660 2107 persona
1685 2069 1782 2108 pro-

386 2117 479 2171 pria
498 2117 599 2156 illuc
619 2116 756 2165 iverit,
778 2117 1063 2157 remissionem
1084 2117 1259 2157 habebit
1279 2118 1467 2158 omnium
1497 2126 1779 2172 peccatorum.

388 2183 477 2226 Qui
498 2198 595 2224 vero
618 2183 668 2223 de
689 2183 815 2223 rebus
845 2183 930 2223 suis
951 2190 1193 2237 competens
1220 2183 1453 2224 subsidium
1476 2185 1709 2226 direxerint
1729 2188 1781 2227 ad

386 2257 526 2305 partes
559 2250 738 2299 easdem,
767 2249 852 2290 sive
882 2264 957 2304 pro
989 2265 1031 2290 se
1062 2249 1245 2303 aliquem
1272 2250 1478 2300 miserint,
1511 2251 1585 2305 qui
1612 2252 1673 2292 ibi
1702 2268 1779 2306 pro

388 2316 616 2358 Christiani
652 2316 800 2371 populi
839 2316 1082 2356 defensione
1122 2316 1304 2357 debeant
1339 2317 1567 2367 immorari,
1608 2320 1782 2361 arbitrio

384 2391 522 2426 vestro
540 2383 844 2424 committimur
863 2383 913 2423 de
944 2383 1187 2423 remissione
1218 2391 1500 2437 peccatorum,
1522 2386 1782 2427 considerata

385 2458 472 2492 tam
509 2449 712 2504 qualitate
752 2464 879 2503 quam
919 2449 1210 2489 subventionis
1252 2451 1505 2504 quantitate,
1545 2452 1646 2506 ipsis
1684 2468 1780 2494 vere

385 2516 708 2571 poenitentibuS,
750 2516 1028 2556 concedenda.
1110 2516 1325 2557 Praeterea
1364 2518 1397 2557 si
1436 2518 1510 2572 qui
1550 2519 1634 2558 sint
1670 2519 1781 2560 inter

384 2582 697 2637 proficiscentes
728 2581 828 2621 illuc
856 2582 929 2635 qui
967 2583 1019 2622 ad
1051 2583 1308 2636 praestandas
1343 2598 1489 2624 usuras
1521 2593 1779 2626 sacramento

385 2655 609 2690 teneantur
639 2647 812 2696 astricti,
836 2648 1061 2688 creditores
1086 2663 1231 2689 eorum
1263 2650 1462 2690 canonica
1492 2666 1666 2691 censura
1689 2653 1777 2692 sine

384 2714 675 2771 appellationis
703 2714 1005 2767 impedimento
1030 2716 1187 2768 cogatis
1213 2723 1262 2756 ut
1293 2732 1438 2758 eorum
1466 2733 1490 2758 a
1520 2726 1776 2759 sacramento

617 2807 627 2827 ¹
652 2806 712 2840 Bis
730 2806 763 2839 in
782 2806 856 2841 MS.
1305 2810 1317 2828 ²
1342 2810 1401 2844 Bis
1419 2810 1451 2844 in
1471 2810 1546 2846 MS.
