1908 3135
404 258 486 297 138
801 269 1043 300 GIRALDUS
1078 268 1375 300 GAMBRENSIS

399 367 543 407 multis
563 368 607 407 in
628 368 732 408 urbe
753 368 854 409 locis
874 368 982 422 ignis
1003 368 1206 417 excrevit,
1223 374 1274 408 ut
1293 367 1394 407 Rex
1413 366 1673 420 quamtotius
1695 381 1790 407 cum

399 434 485 473 suis
507 435 625 475 exire
646 436 881 489 urbemque
903 435 1157 488 relinquere,
1180 434 1326 474 multis
1348 449 1433 474 una
1453 448 1549 474 cum
1576 433 1679 474 urbe
1715 449 1790 488 per

399 502 725 542 maturationem
745 502 918 551 amissis,
942 501 1147 556 compulsi
1167 501 1361 542 fuissent.

456 568 566 609 Cum
600 569 732 623 igitur
768 569 887 623 quasi
926 584 1001 624 per
1040 570 1124 610 duo
1159 569 1211 609 ab
1250 569 1355 609 urbe
1394 567 1586 617 miliaria,
1618 566 1789 608 Francis

392 635 568 690 filioque
602 636 865 690 fugantibus,
901 637 990 691 jam
1025 636 1126 677 Rex
1164 636 1356 690 fugisset,
1387 635 1432 675 in
1467 635 1572 675 colle
1603 635 1787 688 quodam

394 702 444 743 de
482 704 603 758 cujus
635 704 866 744 eminentia
896 704 1046 745 urbem
1079 704 1292 744 incensam
1331 702 1570 757 prospicere
1604 709 1785 755 poterat,

392 783 510 810 versa
534 770 655 820 facie,
677 771 853 812 verbum
879 771 1171 826 hujuscemodi
1192 771 1485 824 apostaticum,
1506 776 1557 810 ut
1587 776 1630 810 et
1655 769 1787 809 altera

391 836 480 876 vice
520 851 604 877 non
642 837 781 877 minus
821 837 1090 891 inpudenter,
1127 838 1291 878 emisit:
1326 840 1353 858 ‘⁶
1372 838 1534 877 Urbem
1575 851 1701 890 quam
1740 837 1785 876 in

392 903 513 943 terris
544 904 640 957 plus
671 903 816 954 dilexi,
838 904 882 944 in
914 919 998 957 qua
1028 911 1152 944 natus
1184 903 1344 944 scilicet
1373 910 1417 943 et
1446 903 1634 943 nutritus
1656 918 1783 952 eram,

390 969 464 1009 ubi
485 976 527 1009 et
553 976 674 1024 pater
703 985 823 1010 meus
853 970 1059 1024 sepultUS,
1082 984 1233 1024 corpus
1256 985 1427 1024 quoque
1460 969 1603 1009 Sancti
1625 969 1649 1009 J
1654 969 1784 1010 uliani

389 1037 653 1077 reconditum
680 1038 807 1091 jacet,
831 1037 1031 1091 quoniam
1061 1038 1113 1077 ad
1140 1037 1397 1077 confusionis
1427 1051 1533 1076 meae
1565 1037 1782 1077 cumulum

390 1113 433 1144 et
464 1105 678 1145 dedecoris
717 1112 994 1158 augmentum
1033 1104 1153 1153 mihi,
1186 1104 1321 1153 Deus,
1353 1103 1479 1143 hodie
1516 1110 1602 1143 tam
1642 1103 1783 1143 viliter

388 1171 614 1221 abstulisti,
655 1178 699 1212 et
736 1172 816 1212 tibi
856 1187 983 1226 quam
1032 1178 1181 1226 potero
1221 1171 1421 1211 talionem
1466 1170 1653 1220 reddam,
1692 1185 1781 1210 rem

389 1252 516 1291 quam
564 1238 609 1277 in
655 1253 722 1278 me
771 1238 867 1292 plus
908 1238 1117 1292 diligeres,
1159 1237 1238 1277 tibi
1295 1237 1576 1292 proculdubio
1615 1237 1781 1277 subtra-

386 1304 567 1345 hendo.'’
634 1305 695 1346 Et
732 1313 884 1354 cetera,
926 1321 1024 1359 quae
1065 1305 1237 1358 quidem
1282 1305 1501 1359 praeterire
1550 1304 1683 1358 magis
1737 1312 1780 1344 et

387 1379 655 1413 contemnere
678 1387 804 1426 quam
824 1373 976 1413 litteris
998 1372 1250 1426 exprimere,
1272 1371 1527 1426 prudentem
1549 1371 1682 1412 decet.

443 1438 481 1478 O
502 1439 761 1493 pertinacem
792 1439 974 1479 hominis
997 1438 1152 1493 abjecti
1181 1438 1386 1479 malitiam
1419 1445 1461 1478 et
1496 1438 1775 1479 obstinatam!

386 1505 424 1545 Ο
447 1520 573 1559 quam
594 1507 742 1560 procul
773 1521 797 1546 a
819 1505 934 1546 beati
964 1520 1135 1559 quoque
1158 1505 1308 1546 Tobiae
1340 1504 1544 1559 patientia
1585 1519 1654 1545 cor
1687 1506 1778 1559 ejus

384 1573 529 1613 aberat
546 1574 554 1613 !
618 1572 707 1615 Qui
725 1579 768 1613 et
788 1572 1135 1613 eleemosinarum
1153 1572 1449 1626 largitionibus
1466 1578 1509 1612 et
1525 1572 1777 1626 sepeliendis

385 1640 616 1679 occisorum
638 1639 884 1693 corporibus
909 1654 1073 1693 semper
1086 1638 1322 1680 institisset.
1374 1642 1400 1661 “
1418 1639 1610 1692 Contigit
1633 1646 1775 1680 tamen

384 1713 432 1746 ut
453 1721 549 1747 cum
580 1707 647 1747 die
680 1707 863 1761 quodam
884 1707 1088 1761 fatigatus
1115 1721 1139 1746 a
1162 1706 1382 1761 sepultura
1409 1706 1580 1746 veniens
1601 1706 1774 1747 domum

378 1773 580 1827 jactasset
602 1789 645 1814 se
667 1775 796 1828 juxta
826 1773 1042 1827 parietem,
1065 1788 1121 1813 ex
1145 1773 1245 1814 nido
1275 1773 1516 1813 hirundinis
1546 1773 1773 1814 dormienti

380 1840 443 1880 illi
465 1841 596 1881 calida
613 1848 795 1881 stercora
809 1841 1049 1881 insederent
1069 1854 1195 1894 super
1216 1841 1372 1890 oculos,
1390 1841 1598 1894 fieretque
1621 1855 1772 1881 caecus·

381 1907 426 1947 H
429 1923 504 1948 ane
527 1916 669 1948 autem
698 1908 1022 1962 temptationem
1042 1907 1138 1948 ideo
1157 1907 1351 1961 permisit
1371 1908 1584 1948 Dominus
1606 1908 1772 1948 evenire

379 1974 455 2023 illi,
478 1983 527 2016 ut
559 1976 738 2029 posteris
777 1976 896 2015 daret
934 1975 1179 2028 exemplum
1217 1975 1438 2028 patientiae
1476 1975 1624 2029 ipsius,
1662 1975 1772 2015 sicut

378 2041 404 2081 J
407 2043 475 2082 ob.
537 2043 649 2082 Nam
670 2057 766 2082 cum
787 2043 838 2082 ab
851 2042 1030 2082 infantia
1050 2056 1125 2081 sua
1141 2041 1375 2082 Dominum
1394 2057 1559 2096 semper
1580 2042 1772 2082 timuerit

378 2115 421 2148 et
455 2110 651 2149 mandata
685 2110 792 2162 Ejus
824 2109 1086 2158 custodierit,
1122 2123 1208 2148 non
1239 2116 1303 2148 est
1329 2109 1601 2149 contristatus
1625 2116 1771 2150 contra

378 2175 611 2215 Dominum
632 2176 745 2228 quod
768 2175 892 2229 plaga
919 2175 1121 2215 caecitatis
1145 2175 1286 2215 evenit
1320 2175 1372 2216 ei.
1435 2175 1520 2215 Sed
1540 2175 1770 2216 immobilis

376 2244 421 2283 in
442 2243 525 2283 Dei
541 2243 691 2283 timore
712 2242 943 2296 permansit
963 2257 1090 2295 agens
1110 2242 1264 2295 gratias
1285 2242 1380 2282 Deo
1402 2242 1598 2282 omnibus
1619 2242 1768 2283 diebus

375 2310 474 2350 vitae
497 2325 599 2350 suae.
662 2309 774 2349 Nam
795 2309 905 2349 sicut
926 2316 1068 2349 sancto
1089 2309 1115 2348 J
1118 2310 1171 2349 ob
1199 2309 1462 2350 insultabant
1491 2324 1624 2363 regeS,
1644 2310 1705 2350 ita
1724 2316 1768 2350 et

375 2377 444 2417 isti
465 2384 658 2431 parentes
689 2384 732 2418 et
751 2377 918 2431 cognati
940 2377 1031 2431 ejus
1052 2376 1285 2417 irridebant
1304 2377 1432 2417 vitam
1454 2377 1544 2431 ejus
1565 2377 1765 2427 dicentes,

377 2445 490 2485 ‘Ubi
517 2452 581 2485 est
612 2460 705 2499 spes
741 2451 816 2484 tua
834 2459 911 2498 pro
942 2459 1026 2498 qua
1058 2444 1329 2484 eleemosinas
1360 2451 1402 2485 et
1429 2444 1664 2498 sepulturas
1692 2445 1767 2485 tri-

373 2511 553 2552 buisti?'
615 2511 771 2552 Tobias
805 2525 903 2551 vero
938 2511 1183 2565 increpabat
1218 2526 1288 2552 eos
1317 2511 1472 2560 dicens,
1497 2511 1672 2552 ‘Nolite
1706 2512 1764 2553 sic

372 2579 504 2632 loqui,
527 2578 727 2631 quoniam
739 2578 817 2617 filii
834 2583 1072 2618 sanctorum
1090 2593 1247 2628 sumus,
1270 2586 1313 2619 et
1327 2579 1454 2619 vitam
1475 2578 1589 2618 illam
1610 2593 1764 2633 expec-

373 2652 510 2686 tamus
543 2660 669 2698 quam
703 2645 822 2684 Deus
855 2645 1029 2684 daturus
1062 2652 1125 2685 est
1147 2645 1212 2685 his
1241 2646 1314 2699 qui
1345 2646 1471 2686 fidem
1507 2661 1624 2686 suam
1655 2661 1764 2686 nun-

375 2727 501 2766 quam
517 2717 685 2752 mutant
706 2712 757 2751 ab
780 2711 857 2751 eo.’
918 2711 988 2750 Ad
1004 2711 1082 2751 hoc
1104 2727 1201 2752 vero
1223 2728 1334 2752 uxor
1355 2714 1446 2767 ejus
1463 2712 1590 2753 Anna
1607 2714 1762 2768 objecit

377 2780 439 2820 ei:
465 2782 475 2800 ‘
490 2778 721 2819 Manifeste
742 2777 852 2818 facta
874 2785 937 2818 est
960 2793 1065 2818 vana
1094 2794 1188 2832 spes
1210 2786 1295 2829 tua,
1320 2787 1362 2820 et
1382 2780 1646 2821 eleemosinae
1673 2788 1760 2822 tuae
