1908 3135
348 274 401 313 86
759 285 1000 317 GIRALDUS
1037 286 1335 318 OAMBRENSIS

348 396 474 435 quam
507 382 611 422 citra
644 383 716 436 jus
753 398 875 423 omne
908 390 1053 423 contra
1090 399 1284 425 coronam
1319 385 1509 425 Franciae
1542 391 1627 425 tam
1666 386 1744 426 im-

346 448 556 502 pudenter
588 449 774 488 detinere
800 450 1072 503 praesumitis.
1134 450 1266 492 Porro
1286 452 1446 492 viribus
1467 453 1517 492 de
1540 460 1679 493 cetero
1700 461 1744 494 et

347 515 485 564 armis,
524 516 577 555 ob
615 516 754 556 aetatis
788 516 1090 570 ingruentiam,
1124 518 1230 558 hanc
1266 525 1418 558 terram
1447 519 1514 559 vel
1546 519 1647 560 alias
1680 535 1746 560 re—

347 596 547 635 cuperare
593 597 679 622 non
723 583 948 636 praevaleo,
990 584 1176 637 querelae
1216 592 1356 625 tamen
1396 592 1440 625 et
1476 601 1614 626 causae
1660 601 1745 627 non

346 648 560 688 renuntio.
624 648 744 690 Quin
774 649 904 689 immo
925 664 1062 690 coram
1085 650 1180 690 Deo
1201 658 1244 691 et
1263 652 1491 692 baronibus
1515 653 1579 692 his
1610 653 1745 706 regni,

347 714 586 768 nostrisque
627 715 839 765 fidelibus,
878 718 974 771 jura
1014 732 1179 758 coronae
1230 718 1398 772 publice
1438 727 1663 773 protestor,
1704 727 1747 760 et

346 781 426 821 hoc
447 797 503 821 ex
530 782 715 832 nomine,
739 782 984 823 Alverniam
1013 784 1058 823 in
1085 784 1246 838 primis,
1269 785 1390 825 Berri
1422 801 1517 826 cum
1543 786 1747 826 Castello-

348 847 534 896 Radulfi,
558 848 797 889 Gisortium
818 864 914 889 cum
934 850 1138 903 Vigesino
1160 851 1446 892 Normannico
1464 869 1474 902 3
1507 853 1748 907 supplicans

348 914 461 967 Regi
490 929 652 967 regum,
677 916 750 968 qui
784 915 889 955 mihi
919 916 1118 956 heredem
1140 917 1270 966 dedit,
1294 925 1502 971 quatenus
1525 920 1599 973 qui
1629 920 1747 969 mihi,

347 981 529 1034 peccatis
563 981 850 1034 exigentibUS,
879 982 978 1035 jura
1010 997 1175 1022 coronae
1208 998 1400 1024 revocare
1439 1000 1525 1025 non
1556 986 1745 1036 dederit;

348 1047 495 1087 saltem
524 1048 665 1088 heredi
699 1064 793 1088 meo
820 1049 927 1088 illud
954 1049 1187 1103 indulgeat.
1249 1050 1429 1092 Causam
1452 1053 1598 1106 itaque
1627 1055 1748 1108 regni

349 1114 444 1155 Deo
477 1122 521 1155 et
547 1115 692 1155 heredi
727 1131 821 1155 meo
848 1131 894 1156 ac
928 1117 1157 1157 baronibus
1187 1133 1351 1159 coronae
1385 1119 1435 1160 de
1467 1127 1607 1161 cetero
1636 1136 1749 1161 com-

348 1181 514 1222 mitto.”
573 1181 633 1222 Et
655 1182 711 1222 sic
738 1197 927 1222 reversus
954 1183 1006 1223 ad
1037 1199 1134 1224 suos
1161 1199 1256 1224 cum
1286 1185 1468 1227 lacrimis
1488 1187 1748 1241 colloquium

350 1248 620 1288 terminaviw
688 1249 850 1289 Verum
882 1249 1099 1290 lacrimosa
1131 1252 1264 1291 oratio
1302 1260 1345 1292 et
1378 1254 1495 1306 justa
1532 1255 1635 1294 boni
1670 1255 1748 1295 viri

350 1312 590 1365 deprecatio
629 1313 734 1352 adeo
778 1313 891 1367 apud
932 1313 1074 1353 Deum
1115 1315 1311 1354 exaudiri
1356 1317 1525 1366 meruit,
1565 1325 1616 1358 ut
1663 1333 1749 1358 non

350 1375 486 1415 solum
520 1375 716 1415 adversus
738 1375 978 1430 Anglorum
1009 1377 1186 1430 Regem,
1209 1393 1356 1418 verum
1379 1379 1505 1419 etiam
1532 1381 1750 1422 universos

349 1441 469 1494 regni
488 1456 696 1495 proceres,
720 1442 906 1496 dispersa
927 1458 1131 1493 revocare,
1157 1452 1200 1485 et
1221 1452 1421 1499 tanquam
1451 1447 1504 1486 ad
1522 1447 1747 1489 vindictam

352 1508 552 1548 divinitus
581 1508 805 1558 indultam,
826 1509 914 1550 filio
945 1510 1091 1550 datum
1120 1517 1196 1560 est,
1221 1511 1346 1552 etiam
1374 1513 1417 1552 in
1438 1513 1595 1554 teneris
1613 1516 1747 1565 annis,

351 1590 511 1624 eorum,
553 1575 627 1628 qui
679 1575 948 1629 simplicitate
983 1584 1160 1630 paterna
1198 1578 1323 1618 nimis
1360 1579 1589 1621 insolenter
1628 1583 1748 1623 abusi

350 1641 532 1691 fuerant,
561 1642 803 1696 superbiam
838 1643 1027 1697 frangere
1061 1651 1104 1684 et
1135 1645 1379 1686 sublimium
1415 1654 1613 1701 potenter
1642 1649 1749 1690 colla

352 1709 522 1749 calcare.
604 1709 736 1751 Quod
784 1717 826 1749 et
864 1711 954 1750 viro
994 1711 1105 1751 bono
1153 1727 1199 1752 ac
1239 1712 1351 1766 Regi
1392 1713 1750 1757 Christianissimo

352 1774 566 1816 Lodovico
600 1783 801 1829 tanquam
841 1777 885 1816 in
931 1778 1159 1819 senectutis
1198 1780 1396 1820 solatium
1437 1789 1480 1821 et
1518 1782 1749 1824 lacrimosae

354 1842 632 1895 querimoniae
669 1843 828 1896 pariter
860 1851 903 1883 et
940 1845 1159 1898 petitionis
1196 1847 1406 1896 effectum,
1441 1863 1518 1902 per
1549 1849 1751 1891 visionem

352 1909 397 1948 in
437 1910 604 1959 somnis,
641 1925 791 1963 parum
829 1918 926 1950 ante
967 1912 1131 1952 obitum
1171 1928 1308 1963 suum,
1344 1915 1389 1954 in
1427 1915 1540 1956 hunc
1578 1917 1752 1957 modum

355 1976 580 2016 declaravit
617 1977 750 2017 Deus.
830 1978 1071 2018 Videbatur
1115 1980 1226 2020 enim
1262 1981 1343 2021 sibi
1378 1982 1532 2031 videre,
1566 1983 1752 2024 collectis

354 2042 398 2081 in
436 2043 664 2096 praesentia
703 2058 778 2083 sua
812 2050 899 2084 tam
931 2044 1170 2098 Anglorum
1207 2047 1327 2100 Rege
1361 2063 1487 2101 quam
1521 2050 1754 2090 baronibus

354 2108 473 2160 regni
526 2108 714 2148 Franciae
769 2110 1000 2163 majoribus
1055 2113 1232 2162 cunctis,
1275 2114 1413 2154 filium
1463 2122 1506 2155 et
1556 2116 1753 2157 heredem

356 2188 480 2213 suum
514 2174 759 2229 Philippum
795 2177 1094 2230 procedentem
1133 2178 1177 2218 in
1210 2180 1410 2229 medium,
1445 2188 1488 2221 et
1523 2182 1752 2223 baronibus

356 2255 432 2293 per
462 2241 665 2291 ordinem,
689 2243 762 2295 qui
789 2243 886 2296 jura
917 2259 1082 2284 coronae
1119 2260 1208 2285 suae
1239 2245 1499 2294 detinebant,
1519 2248 1751 2290 humanum

406 2338 414 2356 ¹
443 2338 515 2371 The
544 2345 598 2372 act
621 2340 659 2372 of
681 2348 873 2384 agreement
902 2343 1023 2387 passed

358 2384 509 2417 between
542 2385 600 2417 the
633 2392 699 2418 two
740 2386 838 2430 kings
871 2399 913 2420 on
955 2389 1022 2421 this

358 2431 513 2462 occasion
544 2430 611 2463 will
640 2431 682 2464 be
711 2432 815 2465 found
846 2433 879 2465 in
909 2434 1022 2467 Hove-

359 2475 434 2517 (len,
459 2476 483 2508 f.
509 2478 585 2518 326,
613 2477 677 2509 and
704 2478 738 2510 in
764 2478 964 2523 Brompton,
989 2492 1021 2525 p.

361 2523 461 2562 1134,
480 2521 580 2554 taken
610 2523 695 2555 from
722 2524 929 2558 Benedictus
952 2526 1023 2558 Ab—

360 2565 430 2599 bas.
478 2566 535 2598 All
562 2567 694 2611 disputo
720 2570 909 2614 respecting
936 2572 1024 2604 their

359 2617 510 2655 separate
552 2614 771 2657 possessions,
806 2616 923 2659 saving
967 2616 1023 2649 the

359 2656 471 2700 places
498 2657 577 2690 here
606 2659 810 2701 mentioned,
829 2672 896 2693 was
921 2668 955 2694 to
982 2662 1024 2694 be

359 2702 476 2747 finally
493 2702 659 2745 adjusted.
712 2705 785 2737 The
802 2717 894 2738 same
911 2719 1024 2751 agree-

359 2755 453 2780 ment
482 2760 550 2781 was
583 2750 739 2793 repeated
773 2751 818 2795 by
846 2752 958 2797 Philip
988 2754 1022 2786 in

364 2796 462 2837 1180,
482 2794 662 2838 according
680 2801 714 2828 to
734 2796 860 2831 Trivet.

1140 2344 1154 2376 I
1182 2356 1260 2389 may
1278 2345 1424 2388 observo,
1443 2347 1516 2380 that
1542 2348 1701 2382 Giraldus
1724 2350 1753 2382 is

1090 2389 1147 2422 the
1177 2391 1257 2435 only
1285 2392 1455 2437 authority
1480 2393 1531 2426 for
1559 2394 1627 2427 this
1654 2395 1753 2428 vehe-

1091 2442 1183 2469 ment
1215 2438 1435 2481 protestation
1468 2439 1505 2471 of
1535 2439 1590 2472 the
1620 2441 1753 2474 Freneh

1092 2482 1196 2526 King.
1246 2482 1391 2516 Neither
1404 2496 1466 2517 can
1485 2485 1510 2517 it
1526 2485 1568 2518 be
1586 2486 1657 2519 said
1672 2487 1753 2520 with

1091 2539 1158 2571 any
1175 2529 1345 2573 propriety
1361 2535 1395 2562 to
1418 2530 1502 2563 have
1526 2530 1610 2564 been
1639 2544 1659 2564 a
1679 2533 1753 2575 just

1092 2584 1165 2615 onc,
1185 2574 1276 2606 since
1294 2574 1351 2607 the
1369 2576 1536 2609 countries
1550 2577 1583 2609 in
1598 2579 1752 2621 question

1092 2618 1257 2662 belonged
1284 2620 1461 2665 originally
1489 2627 1524 2654 to
1552 2622 1610 2655 the
1635 2623 1753 2657 Dukes

1093 2664 1130 2696 of
1153 2664 1379 2710 Normandy;
1404 2667 1583 2712 according
1607 2675 1641 2701 to
1664 2669 1754 2702 Wil-

1092 2709 1172 2742 liam
1191 2710 1228 2743 of
1242 2711 1427 2757 Newbury,
1446 2713 1481 2746 ii.
1501 2715 1556 2747 24.
