1908 3135
352 263 408 304 92
765 273 1003 306 GIRALDUS
1038 274 1334 306 OAMBRENsrs

350 385 452 411 nora
474 371 597 421 filios,
623 372 698 426 qui
729 372 865 427 ipsum
897 374 1209 423 infestaverant,
1232 373 1458 414 efficaciter
1487 374 1743 416 exheredare

350 438 613 491 praevaleret.

408 505 509 545 Rex
539 513 680 546 autem
704 505 943 560 Philippus,
964 506 1117 547 litteris
1146 507 1315 558 auditis,
1337 507 1479 548 statim
1501 523 1582 557 eas,
1605 516 1745 563 spreto

349 572 519 621 nuncio,
553 572 709 613 Comiti
743 572 945 613 Pictaviae
976 573 1175 622 Ricardo,
1205 574 1281 628 qui
1315 574 1359 614 in
1391 575 1584 615 exercitu
1616 576 1746 629 patris

349 638 536 679 existens
568 646 741 680 eatenus
771 640 907 680 eidem
940 640 1049 680 sicut
1076 640 1252 681 decebat
1282 641 1467 682 fideliter
1497 642 1744 692 adhaeserat,

349 705 586 747 destinavit.
648 706 818 748 Quibus
849 706 1019 756 auditis,
1042 713 1159 747 tanta
1180 722 1319 748 comes
1348 714 1490 748 motus
1517 715 1580 749 est
1608 709 1745 763 indig-

348 773 532 822 natione,
555 779 808 826 tantumque
830 788 895 813 res
924 773 996 812 illa
1017 773 1101 812 odii
1122 773 1312 813 fomitem
1341 774 1607 824 ministravit,
1631 776 1745 829 quod

348 853 404 878 ex
423 839 496 878 illa
510 846 673 893 patrem
693 839 809 888 hora,
828 847 1031 892 tanquam
1047 839 1419 880 exheredationem
1438 857 1554 881 suam
1572 849 1746 897 propter

348 905 553 945 minorem
583 912 686 945 natu
714 905 850 946 filium
880 905 1109 945 machinari
1130 906 1356 956 volentem,
1378 915 1619 962 suspectum
1638 924 1744 950 sem-

348 986 423 1025 per
444 972 595 1012 habuit
615 978 659 1012 et
679 986 871 1012 exosum.

407 1038 600 1091 Contigit
642 1046 784 1078 autem
818 1038 883 1078 his
925 1038 1075 1079 diebus
1113 1040 1227 1094 apud
1269 1040 1742 1097 Castellum-Radulphi

346 1105 565 1145 brachium
597 1106 719 1159 pueri
746 1105 864 1154 Jesu,
891 1106 935 1145 in
965 1106 1110 1146 matris
1140 1108 1313 1161 gremio,
1347 1108 1456 1149 sicut
1488 1109 1658 1164 depingi
1678 1111 1744 1151 vel

348 1172 538 1226 exsculpi
573 1172 694 1221 solet,
720 1173 954 1222 residentis,
985 1174 1105 1227 jactu
1136 1174 1370 1228 blasphemi
1401 1177 1619 1230 cujusdam
1649 1192 1744 1231 per-

346 1254 513 1279 cussum
541 1255 587 1279 ac
608 1239 804 1288 fractum,
826 1239 994 1280 vidente
1016 1246 1198 1294 utroque
1220 1242 1411 1282 exercitu
1432 1250 1475 1283 et
1495 1243 1740 1293 admirante,

346 1307 509 1361 aliquot
536 1308 685 1348 diebus
718 1307 964 1361 sanguinem
996 1322 1197 1357 manasse,
1225 1314 1267 1348 et
1296 1309 1589 1363 blasphemum
1620 1310 1743 1352 illum

347 1374 493 1414 eadem
522 1374 625 1414 hora
651 1374 946 1414 miserabiliter
971 1375 1237 1428 exspirasse.1
1300 1376 1433 1430 Cujus
1461 1377 1587 1416 etiam
1618 1378 1743 1417 mira-

346 1441 430 1481 culi
459 1441 566 1482 tanti
599 1448 641 1481 et
668 1449 752 1481 tam
782 1441 995 1481 manifesti
1022 1442 1250 1491 occasione,
1273 1458 1367 1483 cum
1394 1443 1608 1497 utrimque
1630 1459 1742 1485 com-

346 1508 531 1548 muniter
561 1509 612 1548 ad
645 1508 931 1562 spectaculum
953 1515 1257 1558 occurreretur,
1280 1516 1441 1564 treugae
1473 1525 1548 1564 per
1578 1510 1742 1564 aliquot

344 1576 432 1615 dies
453 1576 562 1615 datae
594 1583 706 1615 sunt.
769 1574 851 1614 His
880 1575 1025 1628 itaque
1058 1575 1115 1615 sic
1147 1576 1290 1629 gestis,
1321 1583 1572 1631 procurante
1602 1577 1742 1618 Picta-

343 1642 548 1682 viensium
589 1642 755 1682 Comite
796 1641 995 1691 Ricardo,
1038 1642 1111 1696 qui
1146 1643 1234 1696 jam
1275 1643 1405 1697 patris
1445 1644 1498 1683 ad
1535 1644 1740 1685 honorem

343 1716 516 1763 propter
556 1709 756 1749 offensam
796 1708 1043 1763 praedictam
1092 1709 1231 1749 minus
1276 1710 1536 1760 intendebat,
1579 1711 1739 1765 quique

346 1776 547 1816 bellicum
579 1777 631 1816 ob
664 1776 744 1815 hoc
775 1790 853 1829 pro
883 1776 988 1829 ipso,
1020 1775 1086 1816 vel
1117 1791 1212 1816 cum
1246 1777 1351 1831 ipso,
1370 1778 1457 1831 jam
1487 1778 1628 1818 subire
1659 1778 1743 1818 dis-

344 1843 501 1882 crimen
540 1843 712 1897 penitus
752 1842 998 1891 abnuebat3
1052 1841 1169 1896 (quia
1210 1858 1330 1884 omne
1376 1858 1553 1897 regnum
1603 1844 1647 1884 in
1697 1860 1739 1885 se

344 1910 523 1950 divisum
571 1909 842 1957 desolabitur,
884 1916 927 1949 et
967 1910 1066 1963 quia
1115 1910 1221 1950 nihil
1271 1911 1412 1951 minus
1452 1912 1573 1952 decet
1612 1927 1740 1966 quam

344 1977 521 2017 subdola
543 1976 747 2016 calliditas
771 1976 931 2016 animos
953 1976 1004 2015 ad
1025 1992 1176 2030 magna
1197 1984 1395 2017 conantes
1410 1978 1439 2031 ς)
1462 1985 1610 2032 treuga
1629 1979 1741 2019 inter

345 2042 486 2096 Reges
507 2058 646 2083 annua
667 2058 715 2082 eo
735 2043 903 2082 denium
926 2043 1066 2083 fuerat
1082 2051 1227 2083 tenore
1248 2044 1446 2095 firmata,2
1460 2046 1573 2099 quod
1590 2045 1742 2086 Alver-

347 2110 429 2159 nia,
472 2125 598 2163 quam
653 2115 943 2163 occupaverat,
985 2116 1076 2150 tota
1116 2110 1371 2151 Francorum
1413 2112 1583 2152 interim
1626 2112 1739 2166 Regi

346 2177 490 2230 quieta
509 2176 720 2217 remansit.

395 2296 405 2316 ¹
433 2295 517 2328 This
561 2296 589 2328 is
626 2295 780 2328 narrated
821 2302 855 2328 at
886 2302 1015 2339 greater
1081 2296 1186 2329 found
1212 2297 1245 2329 in
1273 2296 1422 2340 Fordun,
1440 2298 1647 2333 Scotichron.
1666 2300 1737 2334 viii.

349 2342 465 2385 length
506 2342 552 2385 by
585 2342 764 2385 Rigofflus,
798 2353 920 2385 among
958 2341 1014 2374 the
1080 2344 1149 2382 32;
1176 2342 1241 2375 and
1258 2343 1292 2375 in
1310 2343 1367 2376 the
1384 2344 1511 2378 writers
1535 2346 1665 2389 against
1681 2345 1738 2379 the

348 2387 469 2420 abusos
482 2388 519 2420 of
532 2399 550 2419 a
564 2394 634 2420 sect
648 2387 755 2420 called
769 2387 826 2420 the
845 2388 1015 2431 Com-elli,
1079 2388 1292 2431 Albigenses.

348 2444 379 2477 p.
401 2436 453 2475 23,
474 2433 526 2466 cd.
548 2433 603 2466 Du
623 2433 766 2466 Clwsnc.
1126 2435 1138 2452 ²
1162 2435 1262 2467 Anno
1301 2446 1347 2468 sc.
1384 2436 1482 2470 1187.
1564 2436 1661 2471 Will.
1696 2437 1736 2470 de

396 2480 427 2511 A
447 2479 539 2512 short
559 2486 701 2513 account
719 2480 757 2512 of
776 2479 868 2512 thom
887 2478 955 2511 will
972 2479 1014 2512 be
1079 2479 1211 2524 Nangis
1229 2480 1262 2513 in
1280 2480 1343 2514 hoc
1361 2492 1458 2514 annO.
