1908 3135
348 282 401 322 64-
760 297 1000 329 GIRALDUS
1037 297 1334 330 eAMBRENSIs

345 393 558 448 benigne:
625 398 652 417 “
675 395 720 436 Si
773 395 1055 446 Patriarcha,'’
1096 397 1252 450 inquit,
1296 397 1410 438 “vel
1452 396 1522 436 alii
1567 397 1617 437 ad
1667 411 1741 437 nos

343 461 532 511 veniunt,
558 463 692 517 magis
722 463 790 503 hic
821 478 897 503 sua
927 479 1053 517 quam
1087 471 1231 504 nostra
1261 464 1477 504 commoda
1505 464 1741 518 quaerunt.''

343 527 407 568 At
439 528 511 568 ille
546 529 657 579 inde,
682 529 925 571 Britannica
956 531 1066 571 forte
1091 531 1343 580 temeritate,
1376 531 1580 586 subjecit:
1615 531 1740 571 “Pro

342 596 529 636 maximo
563 597 656 647 tibi,
690 596 803 647 Rex,
836 598 1056 638 commodo
1095 605 1292 652 reputare
1325 598 1451 638 debes
1487 605 1529 638 et
1568 598 1741 648 honore,

344 662 459 716 quod
482 663 533 703 ad
555 670 672 704 tanta
693 664 850 705 Christi
872 665 1076 718 obsequia
1104 679 1194 719 prae
1216 665 1377 705 cunctis
1399 671 1521 705 terrae
1544 665 1739 719 Regibus

344 729 456 769 solus
496 730 594 784 eligi
635 731 869 772 meruisti.''
929 732 1008 772 Ille
1039 746 1138 772 vero
1170 731 1290 785 quasi
1329 732 1381 772 ad
1415 732 1535 786 jocos
1574 740 1676 773 tunc
1716 747 1740 772 a

344 795 460 836 seriis
485 812 527 837 se
559 805 832 848 convertens3
866 801 893 821 “
913 798 1166 848 Audacter,”
1201 798 1356 852 inquit,
1381 802 1496 839 “nos
1528 799 1667 839 cleriei
1688 799 1740 839 ad

344 878 458 904 arma
478 871 521 904 et
540 865 728 918 pericula
749 881 973 919 provocare
1004 872 1193 920 possunt,
1217 865 1418 918 quoniam
1450 865 1531 919 ipsi
1561 866 1670 906 ictus
1697 866 1739 905 in

344 930 581 971 discrimine
621 932 760 972 nullos
800 933 1056 987 suscipient3
1088 947 1166 972 nec
1196 932 1283 971 ulla
1321 946 1418 985 quae
1449 932 1581 973 vitare
1620 939 1740 987 pote-

343 1003 444 1037 runt
466 1012 639 1038 onerosa
660 998 904 1039 subibunt.'’

402 1064 485 1104 His
505 1071 647 1105 autem
667 1065 837 1115 auditis,
860 1065 1002 1106 statim
1033 1080 1056 1105 a
1077 1080 1150 1119 spe
1168 1068 1179 1090 ¹
1203 1065 1340 1105 decidi
1360 1071 1462 1114 tota,
1486 1080 1613 1119 quam
1643 1074 1740 1108 ante

344 1131 515 1186 quidem
533 1135 548 1158 2
586 1147 779 1186 magnam
820 1140 863 1173 et
893 1148 989 1173 eum
1022 1132 1228 1173 desiderio
1265 1147 1417 1186 magno
1452 1148 1737 1188 conceperam.

347 1199 618 1253 Speraveram
635 1200 746 1241 enim
761 1201 876 1253 quod
888 1201 978 1255 ipse
993 1200 1141 1239 diebus
1155 1199 1309 1239 nostris
1324 1200 1621 1253 redempturus
1635 1208 1744 1242 esset

347 1267 490 1316 Israel,
513 1274 556 1307 et
581 1267 815 1307 Dominum
849 1274 1002 1308 testem
1038 1267 1187 1307 invoco
1220 1267 1420 1320 quoniam
1453 1274 1539 1307 tam
1570 1274 1744 1322 propter

347 1342 471 1375 terrae
499 1349 626 1374 sacrae
654 1334 950 1384 retentionem,
973 1342 1016 1375 et
1036 1335 1088 1375 ab
1108 1334 1335 1388 impiorum
1367 1335 1561 1374 manibus
1593 1335 1742 1375 libera-

346 1402 519 1452 tionem,
549 1417 674 1456 quam
701 1403 753 1442 ob
784 1403 901 1456 regni
929 1417 1100 1456 quoque
1127 1402 1263 1442 nostri
1286 1407 1329 1442 et
1358 1402 1496 1456 gentis
1523 1402 1740 1452 honorem,

344 1469 452 1509 illud
470 1484 621 1523 magno
643 1484 769 1524 opere
791 1470 1101 1524 concupieram.
1159 1468 1211 1509 Id
1243 1469 1382 1523 ipsum
1420 1484 1590 1522 quoque
1627 1476 1742 1510 totus

350 1535 586 1590 Anglorum
606 1536 790 1592 populus
811 1552 905 1578 cum
929 1551 1090 1578 summa
1110 1526 1328 1577 voluntate
1351 1536 1625 1577 desiderabat.

874 1704 979 1745 CAP.
1008 1703 1215 1745 XXVII.

347 1809 415 1849 De
435 1824 623 1864 responso
644 1809 864 1850 Londoniae
891 1808 1156 1850 Patriawhae
1174 1808 1310 1861 facto,
1334 1814 1373 1849 et
1400 1810 1487 1862 ejus
1509 1815 1588 1850 toto
1612 1809 1746 1850 labore

922 1876 1166 1928 frustrat0.³

134 1989 307 2022 'rheKing’s
407 1976 498 2017 DIE
538 1980 666 2018 vero4‘
715 1976 951 2017 Londoniae
1006 1976 1201 2030 praefixo,
1242 1975 1388 2015 multis
1438 1975 1609 2029 quidem
1660 1984 1745 2017 tam

135 2026 272 2047 answerto
286 2024 332 2049 the
395 2044 403 2051 .
427 2044 434 2051 .
509 2043 517 2050 .
660 2044 667 2051 .
705 2044 713 2051 .
1060 2043 1067 2050 .
1398 2043 1405 2050 .
1690 2045 1698 2052 .

136 2055 299 2082 Patriarch’s
348 2044 540 2083 mlhtarls
581 2045 737 2083 ordnus
789 2058 915 2097 quam
955 2044 1105 2098 plebis,
1142 2057 1218 2096 per
1238 2045 1254 2069 5
1291 2042 1547 2083 Patrlarchae
1587 2052 1746 2085 monita

135 2092 254 2120 request.
348 2110 625 2164 publicosque
665 2117 751 2150 tam
803 2111 893 2164 ejus
946 2125 1073 2163 quam
1111 2109 1189 2149 viri
1227 2109 1477 2149 venerabilis
1523 2117 1566 2150 et
1614 2111 1747 2151 sancti

351 2177 666 2218 Cantuariensis
719 2176 1041 2231 Archiepiscopi
1094 2173 1360 2216 Baldewiniss
1413 2191 1637 2226 sermones,
1693 2178 1746 2218 ad

347 2245 555 2298 populum
585 2244 768 2284 suasorie
799 2244 945 2294 factos,
977 2243 1028 2283 ad
1061 2243 1219 2284 Christi
1240 2243 1443 2297 obsequia
1475 2244 1744 2297 consignatis,

349 2312 517 2352 tandem
528 2326 773 2366 responsum
789 2325 812 2351 a
825 2311 946 2364 Rege
966 2309 1211 2350 Patriarcha
1224 2309 1423 2364 suscepit,
1443 2310 1557 2363 quod
1570 2325 1747 2364 regnum

394 2446 403 2467 ¹
429 2445 561 2490 Aspere,
579 2445 655 2479 MS.
723 2445 736 2463 2
764 2444 916 2488 Quidam,
935 2445 1011 2479 MS.
1082 2445 1140 2479 the
1168 2445 1293 2480 chron.
1327 2445 1482 2479 Laudun.
1511 2446 1545 2479 in
1579 2446 1748 2492 Bouquet‚

393 2493 405 2511 ³
430 2492 481 2525 Cf.
503 2491 643 2524 Hibern.
663 2491 823 2536 Expugn.
840 2503 873 2537 p.
892 2494 971 2525 800.
1082 2492 1177 2525 xviii.
1196 2492 1275 2526 705.
1325 2491 1398 2525 The
1416 2492 1661 2537 Archbishop's
1685 2493 1747 2526 let-

377 2538 405 2556 ·'¹
431 2538 491 2571 Le.
509 2537 749 2581 responsionis.
798 2539 810 2556 ⁵
837 2538 915 2571 Om.
933 2537 1009 2571 MS.
1081 2543 1131 2570 ter
1157 2543 1191 2570 to
1220 2537 1274 2571 his
1307 2539 1503 2582 suffragans,
1528 2538 1692 2584 directing
1729 2551 1748 2572 a

394 2583 406 2603 ⁶
432 2583 481 2618 Of
505 2583 660 2616 Baldwin
686 2583 752 2615 and
784 2583 837 2616 his
864 2583 1011 2616 conduct
1081 2583 1259 2617 collection
1299 2589 1334 2617 to
1374 2584 1416 2617 be
1456 2583 1556 2617 made
1596 2585 1646 2617 for
1689 2585 1746 2618 the

346 2641 389 2662 on
407 2628 474 2661 this
491 2628 658 2671 occasion,
676 2640 736 2661 our
753 2628 872 2661 author
889 2629 1010 2673 speaks
1083 2629 1218 2662 Church
1261 2629 1298 2662 of
1340 2629 1539 2673 Jerusalem,
1581 2630 1615 2662 in
1663 2631 1745 2663 each

346 2675 381 2708 in
413 2680 516 2707 terms
545 2675 582 2706 of
616 2680 710 2717 great
740 2675 849 2719 praise
881 2675 916 2707 in
956 2674 1009 2707 his
1080 2675 1192 2720 parish
1216 2676 1253 2708 of
1274 2675 1361 2708 their
1385 2675 1512 2709 several
1538 2675 1699 2719 dioceses,
1718 2678 1746 2709 is

346 2720 438 2754 work
476 2720 562 2752 “De
590 2719 682 2752 Vitis
715 2720 783 2752 Sex
823 2720 1009 2764 Episcopo—
1103 2721 1213 2754 rinted
1238 2721 1271 2754 in
1299 2721 1355 2754 the
1376 2722 1485 2754 works
1518 2721 1555 2755 of
1588 2721 1687 2756 Peter
1714 2723 1752 2755 of

345 2766 457 2810 rum,”
485 2766 565 2800 ΑΒ.
589 2765 623 2799 ii.
649 2777 682 2810 p.
711 2767 791 2799 431.
809 2765 862 2799 ed.
883 2765 1008 2798 WVhar—
1112 2766 1185 2800 lois.
1236 2767 1357 2811 Opera,
1375 2780 1407 2812 p.
1428 2769 1504 2801 153.

346 2818 413 2856 ton,
442 2824 474 2856 q.
502 2824 532 2846 v.
579 2811 642 2844 See
671 2822 763 2844 more
792 2811 1008 2856 particularly
