1908 3135
360 283 379 320 1
389 281 442 320 32
773 286 1013 318 GIRALDUS
1051 283 1351 316 CAMBRENSIS

359 389 494 429 lerant
522 387 634 427 unde
666 386 746 427 sibi
777 385 1007 440 providisse
1036 389 1247 438 poterant,
1271 380 1427 434 quibus
1456 386 1622 419 tantum
1644 385 1687 417 et
1713 377 1757 416 in

360 454 558 510 proximo
595 453 845 493 imminebat
876 451 1112 491 discrimen.
1176 449 1377 488 Ceterum
1406 460 1616 499 nusquam
1655 444 1759 484 adeo

361 521 500 562 verbis
537 520 658 561 infidi
698 519 902 574 principis
938 533 1040 572 gens
1080 524 1222 556 nostra
1257 515 1384 555 fidem
1423 513 1589 561 habuit,
1623 518 1673 552 ut
1705 525 1760 550 ex

362 589 504 629 nimiae
527 587 764 627 securitatis
786 585 984 639 neglectu
1006 583 1208 624 dissoluta
1230 582 1444 621 incederet
1465 588 1507 620 et
1528 578 1713 619 inermis.

424 654 639 694 Parthiam
670 653 801 706 igitur
827 650 1055 705 ingressuri
1087 664 1201 690 arma
1232 662 1376 689 omnes
1407 647 1630 701 arripiunt,
1658 660 1764 698 quo-

366 736 461 762 rum
488 734 687 760 numerus
715 720 795 760 tria
821 719 1005 758 militum
1032 717 1178 766 millia,
1200 716 1463 769 reliquorum
1482 728 1580 754 vero
1601 712 1766 752 circiter

371 788 586 841 octoginta
616 787 749 826 millia
785 784 1042 825 continebat.
1103 783 1239 823 Erant
1268 790 1409 822 autem
1446 780 1656 821 antistites
1676 778 1764 832 vij„

371 853 643 908 archipraesul
698 867 821 900 unus,
863 851 990 890 duces
1038 850 1135 898 duo,
1178 849 1351 889 comites
1394 848 1504 897 xix„
1546 855 1629 887 tres
1670 859 1768 885 vero

376 921 630 961 marchiones
654 937 662 969 ;
715 926 757 958 et
808 918 899 957 haec
952 917 1057 956 acies
1105 924 1189 956 tam
1240 915 1430 968 insignis,
1472 929 1547 954 nec
1590 913 1767 966 primam

372 988 550 1027 similem
590 987 678 1026 visa
708 994 771 1026 est
802 999 878 1024 nec
911 984 1065 1023 habere
1097 989 1357 1036 sequentem.
1420 981 1484 1021 Ac
1525 995 1577 1019 ne
1614 979 1767 1019 molem

373 1062 530 1096 tantam
563 1053 727 1093 confusi
759 1052 918 1092 ordinis
949 1051 1140 1091 turbaret
1160 1049 1327 1099 seditio,
1349 1049 1393 1088 in
1420 1055 1582 1102 partem
1614 1046 1767 1086 trinam

375 1129 488 1162 totus
513 1121 682 1161 secessit
707 1120 943 1169 exereitus3
967 1119 1102 1172 prima
1123 1118 1220 1158 duci
1243 1117 1424 1165 Suaviae,
1450 1122 1661 1169 postrema
1686 1113 1771 1153 Im—

372 1188 570 1243 peratori,
607 1187 744 1227 media
785 1186 1020 1226 summariis
1068 1192 1110 1225 et
1158 1185 1413 1225 sarcinarum
1453 1181 1657 1222 custodiae
1699 1180 1770 1220 de-

373 1263 550 1309 putata3
585 1255 663 1295 &c.

433 1322 623 1361 Tandem
638 1324 649 1344 ¹
670 1336 766 1361 vero
788 1328 883 1374 post
903 1320 1058 1359 multos
1080 1327 1122 1360 et
1153 1334 1297 1373 graves
1319 1318 1501 1358 insultus
1527 1316 1771 1371 pervenitur

378 1388 585 1437 Iconium,
618 1387 691 1427 ubi
724 1402 906 1440 nequam
938 1387 1009 1426 ille
1039 1387 1230 1440 proditor
1256 1400 1298 1425 se
1320 1385 1430 1424 intra
1459 1384 1575 1424 urbis
1608 1383 1772 1423 munita

376 1455 661 1504 concluserat3
694 1454 824 1493 nostri
847 1461 989 1493 autem
1010 1469 1093 1493 non
1114 1454 1237 1506 longe
1259 1453 1398 1506 figunt
1419 1451 1613 1499 tentoria,
1636 1450 1770 1504 ignari

376 1536 546 1575 prorsus
568 1521 671 1574 quid
693 1521 780 1560 dies
802 1521 981 1560 crastina
1011 1521 1197 1560 minetur
1220 1520 1435 1559 infestum.
1498 1518 1637 1558 Nocte
1667 1518 1771 1572 ipsa,

379 1604 474 1628 cum
520 1589 609 1642 jam
650 1588 921 1627 Pentecostes
967 1587 1209 1627 solemnitas
1249 1587 1379 1626 ferme
1423 1586 1571 1625 fuisset
1611 1592 1773 1632 exacta,

378 1656 513 1695 imber
545 1662 686 1695 tantus
719 1662 761 1694 et
796 1662 881 1695 tam
914 1655 1138 1695 vehemens
1172 1654 1310 1702 irruit,
1343 1660 1392 1693 ut
1425 1652 1540 1692 illius
1575 1651 1771 1705 procellae

378 1723 578 1764 violentia
622 1722 734 1762 intra
781 1731 899 1776 septa
939 1730 1169 1762 castrorum
1218 1721 1493 1761 nihilominus
1539 1719 1772 1760 desaeviret.

380 1790 509 1830 Mane
548 1790 674 1838 facto,
715 1790 974 1843 consumptis
1010 1790 1211 1838 nubibus,
1244 1803 1315 1828 aer
1348 1788 1495 1828 illuxit
1533 1787 1692 1841 purior,
1735 1792 1778 1825 et

380 1872 474 1897 ecce
511 1857 651 1896 subito
674 1872 770 1896 cum
802 1857 918 1897 tubis
956 1865 998 1897 et
1027 1857 1236 1910 tympanis
1268 1864 1310 1896 et
1331 1856 1524 1909 clangore
1556 1853 1775 1894 horrisono

382 1923 647 1963 Turchorum
688 1924 900 1964 exercitus
940 1924 1270 1977 circumquaque
1306 1923 1484 1962 diffusus
1524 1921 1775 1969 immineret,

382 1998 565 2043 quantus
605 2005 680 2030 nec
716 1997 811 2030 ante
834 1991 945 2030 visus
984 2006 1060 2030 nec
1102 1991 1350 2030 credebatur
1386 1989 1616 2037 videndus;
1665 1987 1779 2041 quod

382 2058 515 2097 sicubi
538 2065 778 2097 tercentena
799 2058 865 2097 vel
889 2058 1011 2111 plura
1037 2058 1231 2111 legantur
1253 2057 1382 2097 fuisse
1410 2056 1555 2104 millia,
1579 2053 1779 2095 aestimari

382 2130 592 2177 poterant,
614 2124 824 2163 numerari
845 2139 928 2163 non
955 2131 1165 2177 poterant.
1229 2123 1352 2164 Hanc
1383 2137 1549 2162 omnem
1581 2121 1776 2161 multitu-

387 2191 525 2229 dinem
546 2189 659 2229 filius
683 2189 870 2238 Soldani,
893 2190 1113 2230 Melkinus
1134 2190 1318 2239 nomine,
1338 2190 1380 2229 in
1402 2204 1514 2229 arma
1537 2188 1773 2237 exciverat3

386 2257 529 2296 volens
549 2256 701 2310 palmae
722 2257 897 2296 titulum
911 2272 1053 2297 socero
1067 2272 1143 2297 suo
1162 2257 1414 2297 Salahadino
1430 2256 1673 2310 praeripere,
1691 2262 1776 2294 tam

389 2324 438 2363 de
460 2324 634 2364 victoria.
653 2331 806 2372 certus,
830 2339 956 2377 quam
978 2324 1028 2364 de
1053 2339 1225 2364 suorum
1246 2338 1422 2364 numero
1437 2338 1481 2363 ac
1502 2323 1659 2362 virtute
1681 2337 1779 2361 con-

387 2392 500 2430 fisus.
582 2389 790 2430 Soldanus
831 2391 1001 2430 interim
1037 2392 1254 2445 cujusdam
1289 2391 1415 2431 turris
1455 2404 1650 2444 suprema
1684 2403 1782 2428 con-

387 2458 588 2497 scendens
628 2457 671 2497 in
709 2457 878 2511 specula
912 2458 1080 2506 residet,
1113 2459 1225 2498 unde
1262 2459 1304 2497 in
1342 2457 1543 2511 subjectis
1583 2470 1776 2496 arvorum

387 2524 532 2577 spatiis
553 2523 660 2563 acies
682 2524 909 2564 bellaturas
932 2525 1147 2578 prospicit,
1170 2540 1339 2579 sperans
1368 2525 1419 2565 ad
1444 2523 1706 2578 implendum
1737 2522 1780 2562 in

387 2589 582 2643 proximo
605 2590 719 2642 quod
739 2591 904 2629 animus
926 2591 1150 2644 promissor
1170 2591 1365 2631 futurum
1388 2591 1587 2630 dictabat.

448 2655 681 2709 Imperator
702 2671 797 2696 cum
826 2657 1050 2710 plerosque
1072 2672 1243 2697 suorum
1274 2658 1326 2697 ad
1351 2657 1563 2697 insolitam
1593 2655 1778 2695 hostium

389 2723 706 2762 multitudinem
729 2723 987 2775 trepidantes
1015 2724 1265 2773 attenderet,
1288 2723 1543 2777 magnanimi
1574 2722 1778 2777 principis

871 2821 877 2839 ¹
906 2820 957 2852 De
978 2820 1151 2862 Vinosauf,
1170 2833 1203 2865 p.
1223 2824 1300 2854 264.
