1908 3135
390 282 465 320 144
786 291 1026 323 GIRALDUS
1062 291 1358 322 CAMBRENsrs

382 388 568 429 delatum
599 388 762 437 fuisset,
786 397 834 429 ut
867 396 955 430 erat
986 389 1236 443 arrogantiae
1258 390 1400 430 nimiae
1422 398 1465 431 et
1499 391 1776 433 animositatis

381 455 612 504 immensae,
634 456 677 496 in
713 456 928 496 audientia
960 471 1132 496 suorum
1164 456 1312 505 multa,
1334 458 1509 497 verbum
1541 458 1619 498 hoc
1655 460 1776 500 emit-

382 530 487 571 tens,
524 526 549 544 ‘⁶
568 522 650 562 Per
693 523 923 576 gorgiam,”
960 523 1117 577 inquit,
1159 527 1185 544 “
1203 523 1287 563 Dei
1304 524 1346 564 !''
1379 524 1599 578 (quoniam
1634 526 1699 566 his
1733 536 1776 567 et

381 590 589 629 similibus
623 590 889 630 sacramentis
919 591 1161 630 enormibus
1196 591 1260 630 uti
1291 591 1430 645 solet,)
1464 593 1537 632 “si
1559 593 1776 634 castellum

381 656 487 696 illud
509 663 645 696 totuin
669 657 718 696 de
740 657 896 710 butyro
918 656 1041 705 foret,
1064 657 1222 696 nedum
1243 657 1428 698 ferreum
1449 659 1515 699 vel
1544 659 1774 713 lapideum,

379 723 487 763 illud
518 724 569 763 ab
607 724 699 777 ipso
720 724 965 777 viribusque
995 723 1081 763 suis
1113 724 1227 773 totis,
1249 739 1315 764 me
1337 725 1471 765 valide
1504 726 1776 767 defensurum

381 791 540 844 absque
573 790 702 830 dubio
735 805 818 829 non
852 790 1125 831 diffiderem.'’
1186 791 1270 830 Sed
1303 792 1504 845 quoniam
1541 793 1625 833 Dei
1657 795 1778 834 auxi-

380 857 484 897 lium
506 857 603 896 huic
625 858 752 897 verbo
782 864 865 896 tam
888 857 1086 897 insolenti
1107 872 1184 897 nec
1207 859 1389 912 expetiit
1409 874 1486 899 nec
1509 861 1681 914 optavit,
1707 861 1779 901 sed

382 931 583 977 tanquam
604 923 776 962 brachio
798 938 888 972 suo,
910 923 1156 977 viribusque
1179 924 1263 963 suis
1285 925 1396 974 solis,
1420 932 1552 966 totam
1573 927 1779 967 ascribere

383 990 667 1030 defensionem
692 998 848 1029 temere
870 991 1201 1044 praesumpserit,
1221 998 1364 1031 contra
1381 992 1635 1033 desiderium
1655 1009 1780 1033 suum

384 1065 426 1096 et
456 1057 648 1096 elationis
682 1057 914 1110 eloquium,
946 1057 1091 1111 paucis
1123 1057 1302 1098 evolutis
1338 1060 1607 1113 postmodum
1648 1061 1780 1110 annis,

385 1124 504 1177 Rege
529 1124 727 1178 Philippo
742 1123 996 1178 praevalente
1016 1131 1059 1164 et
1076 1125 1236 1164 dictum
1250 1126 1529 1180 municipium
1548 1127 1780 1177 obtinente,

384 1206 448 1229 res
465 1191 636 1230 evenit.l

442 1257 504 1297 Ut
531 1265 671 1298 autem
703 1260 949 1313 exemplum
969 1274 1086 1299 casus
1106 1260 1221 1300 haud
1242 1261 1453 1301 dissimilis
1474 1262 1541 1302 hic
1561 1277 1781 1316 ponamUS,

386 1325 613 1364 clausulam
657 1326 867 1378 quandam
899 1327 949 1366 de
982 1327 1204 1367 Itinerario
1233 1336 1375 1368 nostro
1411 1336 1621 1383 sumptam
1652 1329 1783 1369 inter-

386 1406 520 1431 serere
534 1399 690 1445 praeter
703 1408 790 1432 rem
803 1408 886 1433 non
900 1394 1154 1447 putavimus
1192 1394 1233 1434 A
1252 1395 1464 1436 Meneviae
1479 1411 1576 1436 vero
1590 1396 1782 1450 1·upibUS‚

387 1473 533 1498 sereno
556 1466 759 1513 tempore,
789 1467 952 1500 montes
974 1461 1213 1514 Hyberniae
1236 1462 1420 1515 prospici
1444 1470 1621 1516 possunt
1640 1479 1649 1511 3
1682 1463 1786 1503 mari

389 1525 636 1579 Hybernico
678 1534 829 1577 tamen,
871 1543 956 1568 uno
997 1530 1275 1569 contractorie
1318 1530 1659 1584 transnavigabili
1702 1531 1785 1579 die,

386 1593 676 1647 interjacente.
740 1594 864 1635 Unde
887 1595 1159 1645 Willielmus,
1183 1596 1408 1636 Willielmi
1430 1597 1562 1651 Regis
1590 1598 1785 1638 Bastardi

388 1660 513 1710 filius,
547 1668 589 1701 et
615 1661 959 1701 Normannorum
981 1662 1024 1701 in
1046 1662 1203 1716 Anglia
1224 1663 1325 1703 Rex
1345 1665 1569 1714 secundus,
1589 1665 1663 1718 qui
1687 1665 1786 1705 Rex

388 1727 545 1768 Ruffus
564 1735 626 1768 est
646 1729 952 1782 agnominatUS,
977 1729 1225 1769 Kambriam
1243 1745 1319 1770 suo
1336 1731 1380 1770 in
1394 1738 1582 1785 tempore
1600 1731 1786 1771 animose

388 1802 612 1849 penetrans
646 1802 689 1835 et
720 1796 995 1845 circumdans,
1019 1811 1115 1836 cum
1147 1812 1171 1836 a
1201 1797 1380 1851 rupibus
1408 1798 1499 1838 istis
1523 1798 1788 1852 Hyberniam

390 1862 498 1902 forte
516 1863 786 1917 prospiceret,
803 1863 960 1903 dixisse
974 1870 1230 1903 memoratur
1248 1880 1256 1904 :
1281 1867 1308 1885 “
1324 1864 1395 1904 Ad
1409 1872 1563 1905 terram
1576 1866 1699 1906 istam
1714 1880 1789 1905 ex-

390 1930 672 1983 pugnandam,
697 1943 752 1969 eX
781 1930 957 1970 navibus
978 1931 1097 1983 regni
1117 1931 1200 1971 mei
1227 1931 1310 1971 huc
1341 1932 1591 1982 convocatis,
1612 1940 1788 1987 pontem

391 1997 443 2036 ad
459 1997 549 2036 haec
563 1997 752 2037 faciam.”
793 1997 894 2039 Quo
910 1998 1037 2037 verbo
1055 1998 1107 2037 ad
1122 1998 1331 2038 Murdhac
1354 1998 1570 2039 dominum
1587 1998 1787 2053 Lageniae

393 2071 492 2103 tunc
506 2063 754 2117 priucipem,
770 2064 814 2103 in
825 2064 1105 2117 Hyberniam,
1121 2065 1229 2104 forte
1245 2066 1460 2116 translato,
1475 2081 1570 2106 cum
1585 2066 1791 2120 aliquam-

394 2131 467 2170 diu
493 2131 743 2184 propensius
764 2131 861 2169 inde
882 2131 1120 2183 cogitasset,
1143 2131 1279 2171 fertur
1299 2133 1588 2185 respondisse:
1623 2136 1649 2154 ‘⁶
1668 2133 1791 2173 Nun-

395 2198 498 2250 quid
519 2204 649 2237 tantae
672 2197 1007 2237 comminationis
1023 2198 1151 2237 verbo
1164 2197 1265 2237 Rex
1284 2198 1353 2238 ille
1370 2202 1380 2219 ‘
1398 2199 1432 2238 si
1447 2199 1543 2239 Deo
1564 2199 1790 2253 placuerit’

374 2265 548 2318 ‘adjecit
565 2266 580 2304 ἲ
595 2264 615 2279 ”
659 2264 824 2304 Audito
845 2279 1063 2318 nunquam
1085 2264 1215 2304 ullam
1237 2280 1408 2318 prorsus
1430 2266 1514 2306 Dei
1530 2266 1790 2306 mentionem

394 2332 438 2371 in
472 2331 550 2371 hoc
579 2346 654 2371 suo
690 2332 790 2372 Rex
822 2346 1010 2371 sermone
1046 2331 1228 2381 fecisset,
1272 2339 1473 2386 tanquam
1519 2333 1789 2387 prognostico

395 2399 581 2452 gaudens
610 2398 863 2438 certissimo:
899 2401 925 2420 “
947 2398 1201 2448 Quoniam,”
1235 2398 1390 2453 inquit,
1425 2400 1592 2440 “homo
1628 2400 1707 2439 iste
1739 2400 1790 2439 de

396 2466 578 2505 humana
612 2474 695 2506 tam
718 2466 891 2506 confidit
911 2466 1116 2520 potentia,
1144 2481 1230 2506 non
1263 2467 1416 2516 divina,
1439 2468 1530 2522 ejus
1563 2468 1791 2508 adventum

396 2548 480 2572 non
501 2533 723 2573 formido.”

456 2599 528 2638 Ad
559 2600 777 2639 cumulum
808 2608 950 2640 autem
982 2601 1118 2641 laudis
1151 2609 1193 2641 et
1241 2601 1387 2655 gloriae
1433 2601 1704 2654 fortunaeque
1747 2601 1792 2640 in

398 2672 614 2719 posterum
637 2667 831 2706 secundae
852 2667 1010 2707 futurae
1033 2667 1135 2707 dicti
1154 2668 1345 2722 Philippi
1363 2668 1495 2721 Regis
1516 2668 1790 2716 Francorum,

398 2732 502 2772 illud
524 2733 710 2781 accessit,
734 2734 845 2786 quod
868 2734 1005 2787 ipsum
1027 2734 1069 2773 in
1092 2735 1226 2774 lucem
1250 2735 1447 2775 emissum
1470 2742 1512 2775 et
1527 2735 1613 2788 jam
1631 2741 1790 2782 natum,

980 2826 988 2843 ¹
1014 2837 1082 2860 A.D.
1113 2829 1212 2860 1204.
