1908 3135
183 213 329 276 APP¹.]
495 229 559 260 DE
593 228 942 260 INSTRUCTIONE
978 227 1258 258 PRINCIPUM.
1495 217 1568 255 19]

815 408 947 451 VIII.

620 511 817 564 Fayamcs
839 515 878 548 et
900 509 1153 548 Duvianus,¹

245 606 482 646 SPEAKING
502 605 549 646 of
566 606 637 646 the
658 606 830 646 mission
853 605 901 644 of
913 604 1107 657 Faganus
1128 602 1210 642 and
1232 602 1467 651 Duvianus,
1501 603 1581 643 and
1601 614 1682 644 Many
1702 613 1796 637 wem

1599 647 1728 671 churches

185 673 280 713 how
299 673 372 713 the
408 672 581 712 Britons
609 672 801 712 retained
837 672 909 711 the
943 670 1190 723 knowledge
1224 668 1272 708 of
1304 668 1582 722 Christianity
1600 679 1791 735 gamcdafterd

187 738 341 792 during
362 738 417 778 all
438 739 509 780 the
540 739 670 779 havoc
701 739 855 780 caused
885 738 944 791 by
972 738 1044 778 the
1067 737 1226 785 Saxon,
1250 735 1453 776 Giraldus
1474 750 1580 790 says,
1601 719 1771 769 1)ῖῖῗὲὲῖεῆιῖ

185 805 339 845 “unde
386 811 430 846 et
475 805 663 846 ecclesiae
700 804 919 845 nonnullae
973 803 1084 843 intra
1124 801 1342 843 Kambriae
1383 803 1580 856 spatium,

186 886 284 925 quae
306 871 431 912 hodie
456 872 694 912 adulterino
724 871 928 912 vocabulo
949 870 1108 910 Wallia
1140 870 1309 918 dicitur,
1340 869 1583 909 nominibus

185 939 488 992 praedictorum
508 939 667 993 Fagani
697 953 753 979 sc.
777 944 820 978 et
851 937 1041 978 Duviani
1075 936 1266 976 fundatae
1307 935 1585 976 inveniuntur

189 1011 233 1044 et
253 1005 526 1046 dedicatae.”²

841 1127 930 1168 IX.

407 1226 475 1266 De
497 1226 612 1280 Reqe
632 1225 818 1266 Artlzuro
837 1226 988 1265 nostris
1008 1225 1147 1266 diebus
1167 1227 1365 1266 inventa³

245 1324 469 1366 ARTHURI
519 1337 691 1377 quoque
730 1322 959 1363 Britonum
1004 1322 1138 1376 Regis
1181 1323 1331 1377 inclyti
1381 1324 1584 1364 memoria
1602 1329 1787 1395 ἓξὶοὲᾞξῡῖ

188 1398 252 1433 est
285 1407 370 1433 non
406 1390 720 1445 supprimenda,
757 1390 959 1443 quoniam
992 1390 1237 1431 monasterii
1274 1390 1585 1431 Glastoniensis
1601 1396 1778 1427 thur'sbody·

188 1459 362 1513 egregii,
391 1459 512 1512 cujus
545 1463 588 1496 et
618 1456 709 1510 ipse
741 1463 946 1510 patronus
979 1457 1066 1497 suis
1087 1457 1237 1497 diebus
1256 1457 1396 1498 fuerat
1431 1458 1581 1512 praeci-

187 1540 300 1581 puus
321 1539 367 1565 ac
387 1524 561 1578 largitor
581 1537 627 1563 ac
648 1522 889 1563 sublevator
908 1523 1169 1576 magnificus,
1189 1523 1379 1564 historiae
1399 1525 1584 1564 multum

189 1591 439 1633 extollunt.4
499 1590 595 1631 Prae
617 1589 781 1630 cunctis
801 1589 914 1630 enim
948 1589 1134 1630 ecclesiis
1168 1590 1288 1643 regni
1324 1591 1404 1640 sui,
1427 1598 1584 1631 sanctae

190 1659 273 1699 Dei
296 1657 512 1712 genitricis
539 1657 693 1697 Mariae
717 1656 1059 1697 Glastoniensem
1081 1656 1297 1697 ecclesiam
1316 1658 1411 1710 plus
1433 1657 1587 1698 dilexit

191 1732 235 1766 et
265 1740 355 1779 prae
391 1724 541 1764 ceteris
574 1724 699 1777 longe
731 1723 881 1777 majori
914 1723 1135 1764 devotione
1167 1723 1392 1777 promovit.
1454 1723 1580 1764 Unde

190 1806 285 1832 cum
317 1791 380 1831 vir
410 1791 590 1831 bellator
627 1790 835 1839 extiterit,
869 1790 913 1830 in
949 1789 1157 1830 anteriore
1190 1796 1310 1843 parte
1346 1790 1483 1844 clypei
1515 1790 1581 1830 sui

192 1859 338 1899 Beatae
373 1857 563 1911 Virginis
597 1856 824 1910 imaginem
858 1856 1049 1905 interius,
1086 1862 1137 1895 ut
1176 1871 1267 1895 eam
1300 1856 1343 1895 in
1383 1856 1582 1897 conflictu

190 1940 279 1979 prae
302 1924 433 1965 oculis
454 1938 619 1978 semper
638 1923 826 1972 haberet,
845 1923 1017 1976 depingi
1036 1922 1218 1972 fecerat3
1254 1923 1374 1976 cujus
1395 1929 1438 1962 et
1457 1923 1586 1976 pedes

193 1992 390 2046 quotiens
410 1991 574 2045 positus
594 1991 639 2030 in
660 1989 964 2043 congressionis
983 1989 1161 2029 articulo
1176 1989 1331 2038 fuerat,
1353 1988 1585 2029 deosculari

192 2074 288 2099 cum
308 2059 490 2110 plurima
509 2056 732 2097 devotione
755 2062 1040 2096 consueverat.

250 2124 395 2179 Hujus
429 2130 571 2164 autem
603 2138 754 2176 eorpus
779 2122 894 2177 quod
912 2122 1030 2175 quasi
1062 2121 1375 2175 phantasticum
1405 2121 1448 2162 in
1482 2122 1580 2171 fine,

194 2197 237 2230 et
264 2198 467 2244 tanquam
498 2204 574 2243 per
605 2189 779 2242 spiritus
812 2189 863 2228 ad
894 2188 1129 2241 longinqua
1161 2188 1422 2237 translatum,
1445 2203 1583 2241 neque

192 2257 319 2297 morti
351 2256 586 2296 obnoxium
620 2255 778 2295 fabulae
811 2254 1118 2302 confinxerant,
1154 2254 1218 2292 his
1250 2255 1401 2294 nostris
1433 2254 1582 2294 diebus

241 2396 250 2416 ¹
278 2396 302 2429 f.
322 2397 400 2430 107.
923 2392 991 2425 still
1017 2404 1109 2426 more
1129 2393 1213 2436 fully
1233 2393 1264 2425 in
1284 2392 1348 2425 vol.
1368 2393 1410 2426 iv.
1433 2396 1487 2427 11.
1538 2392 1574 2425 In

239 2442 253 2460 ²
276 2441 340 2475 See
365 2441 435 2474 also
462 2438 621 2473 Leland's
650 2437 792 2471 Colleet.
810 2438 854 2471 iv,
922 2438 974 2489 his
1000 2438 1180 2482 Speculum
1217 2438 1390 2480 Ecclesiae,
1426 2438 1586 2471 Giraldns

193 2499 227 2532 p.
248 2489 301 2520 11.
629 2484 642 2503 ³
665 2484 688 2517 f.
709 2485 785 2517 107.
920 2495 1013 2527 glves
1027 2495 1046 2516 a
1063 2484 1191 2516 similar
1208 2490 1351 2516 account
1365 2484 1403 2516 of
1415 2483 1471 2516 the
1484 2483 1587 2516 head-

240 2534 252 2551 ⁴
277 2532 350 2565 The
367 2537 456 2564 most
484 2531 669 2574 important
695 2540 854 2573 passages
922 2529 1015 2562 dress
1029 2530 1066 2561 of
1081 2529 1238 2562 Arthur's
1256 2540 1375 2574 queen,
1387 2529 1531 2562 handled
1551 2541 1587 2561 so

193 2589 235 2610 on
253 2578 320 2611 this
338 2577 470 2619 subject
488 2575 572 2608 have
585 2575 671 2607 been
689 2573 853 2607 collected
922 2574 1063 2617 roughly
1081 2574 1125 2618 by
1144 2586 1162 2607 a
1185 2575 1288 2607 monk
1307 2582 1340 2607 at
1371 2575 1426 2607 the
1453 2575 1534 2607 timo
1554 2575 1592 2607 of

192 2623 237 2667 by
256 2622 384 2656 Leland
402 2623 435 2655 in
453 2621 506 2654 his
524 2620 673 2653 Assertio
688 2619 827 2652 Arthuri
845 2631 853 2659 ;
923 2619 1158 2653 disinterment
1191 2632 1227 2652 as
1261 2626 1294 2652 to
1335 2619 1486 2653 crumble
1516 2621 1586 2652 into

192 2668 361 2713 reprinted
395 2668 429 2700 in
461 2666 515 2699 his
550 2665 766 2698 Collectanea
807 2664 853 2709 by
923 2664 1011 2708 dust,
1031 2671 1065 2697 to
1083 2677 1142 2698 our
1159 2664 1310 2698 author's
1326 2672 1419 2710 great
1437 2673 1554 2708 regret.

195 2714 340 2755 Hearne,
353 2713 417 2746 vol.
430 2724 460 2746 v.
473 2724 504 2756 p.
517 2714 571 2753 48,
590 2710 642 2744 ed.
658 2711 764 2751 1774;
783 2709 848 2742 and
