<?xml version="1.0" encoding="UTF-8"?>
<!DOCTYPE html PUBLIC "-//W3C//DTD XHTML 1.0 Transitional//EN"
    "http://www.w3.org/TR/xhtml1/DTD/xhtml1-transitional.dtd">
<html xmlns="http://www.w3.org/1999/xhtml" xml:lang="en" lang="en">
 <head>
  <title>
</title>
<meta http-equiv="Content-Type" content="text/html;charset=utf-8" />
  <meta name='ocr-system' content='tesseract 3.04.00' />
  <meta name='ocr-capabilities' content='ocr_page ocr_carea ocr_par ocr_line ocrx_word'/>
</head>
<body>
  <div class='ocr_page' id='page_1' title='image "./giralduscambrens03girauoft_0128.png"; bbox 0 0 1908 3135; ppageno 0'>
   <div class='ocr_carea' id='block_1_1' title="bbox 321 252 1304 292">
    <p class='ocr_par' dir='ltr' id='par_1_1' title="bbox 321 252 1304 292">
     <span class='ocr_line' id='line_1_1' title="bbox 321 252 1304 292; baseline 0.001 -2"><span class='ocrx_word' id='word_1_1' title='bbox 321 252 375 290; x_wconf 84' lang='grc'>88</span> <span class='ocrx_word' id='word_1_2' title='bbox 729 259 971 292; x_wconf 86' lang='lat' dir='ltr'>GIRALDUS</span> <span class='ocrx_word' id='word_1_3' title='bbox 1006 259 1304 292; x_wconf 86' lang='lat' dir='ltr'>OAMBRENSIS</span> 
     </span>
    </p>
   </div>
   <div class='ocr_carea' id='block_1_2' title="bbox 319 356 1723 2081">
    <p class='ocr_par' dir='ltr' id='par_1_2' title="bbox 319 356 1715 482">
     <span class='ocr_line' id='line_1_2' title="bbox 319 356 1715 408; baseline -0.001 -9"><span class='ocrx_word' id='word_1_4' title='bbox 319 358 501 408; x_wconf 81' lang='lat' dir='ltr'>tionem3</span> <span class='ocrx_word' id='word_1_5' title='bbox 537 357 694 399; x_wconf 91' lang='lat' dir='ltr'>Comiti</span> <span class='ocrx_word' id='word_1_6' title='bbox 721 358 979 408; x_wconf 88' lang='lat' dir='ltr'>Theobaldo,</span> <span class='ocrx_word' id='word_1_7' title='bbox 1001 357 1191 399; x_wconf 86' lang='lat' dir='ltr'>Franciae</span> <span class='ocrx_word' id='word_1_8' title='bbox 1224 358 1354 399; x_wconf 89' lang='lat' dir='ltr'>totius</span> <span class='ocrx_word' id='word_1_9' title='bbox 1377 356 1715 406; x_wconf 73' lang='lat' dir='ltr'>seneschalliam3</span> 
     </span>
     <span class='ocr_line' id='line_1_3' title="bbox 320 428 1448 482; baseline 0 -14"><span class='ocrx_word' id='word_1_10' title='bbox 320 428 497 482; x_wconf 89' lang='lat' dir='ltr'>aliisque</span> <span class='ocrx_word' id='word_1_11' title='bbox 518 428 775 469; x_wconf 82' lang='lat' dir='ltr'>munitiones</span> <span class='ocrx_word' id='word_1_12' title='bbox 795 435 839 468; x_wconf 91' lang='lat' dir='ltr'>et</span> <span class='ocrx_word' id='word_1_13' title='bbox 858 435 990 468; x_wconf 87' lang='lat' dir='ltr'>terras</span> <span class='ocrx_word' id='word_1_14' title='bbox 1010 429 1167 482; x_wconf 87' lang='lat' dir='ltr'>amplas</span> <span class='ocrx_word' id='word_1_15' title='bbox 1187 428 1448 469; x_wconf 81' lang='lat' dir='ltr'>auferendo.¹</span> 
     </span>
    </p>

    <p class='ocr_par' dir='ltr' id='par_1_3' title="bbox 319 493 1723 2081">
     <span class='ocr_line' id='line_1_4' title="bbox 379 493 1717 548; baseline -0.002 -13"><span class='ocrx_word' id='word_1_16' title='bbox 379 495 488 536; x_wconf 92' lang='lat' dir='ltr'>Cum</span> <span class='ocrx_word' id='word_1_17' title='bbox 541 501 683 535; x_wconf 88' lang='lat' dir='ltr'>autem</span> <span class='ocrx_word' id='word_1_18' title='bbox 726 494 875 535; x_wconf 83' lang='lat' dir='ltr'>Comes</span> <span class='ocrx_word' id='word_1_19' title='bbox 926 494 1165 548; x_wconf 85' lang='lat' dir='ltr'>Philippus,</span> <span class='ocrx_word' id='word_1_20' title='bbox 1206 494 1474 535; x_wconf 84' lang='lat' dir='ltr'>seneschallia</span> <span class='ocrx_word' id='word_1_21' title='bbox 1510 493 1717 542; x_wconf 87' lang='lat' dir='ltr'>Franciae,</span> 
     </span>
     <span class='ocr_line' id='line_1_5' title="bbox 323 561 1719 615; baseline -0.001 -14"><span class='ocrx_word' id='word_1_22' title='bbox 323 576 449 615; x_wconf 90' lang='lat' dir='ltr'>quam</span> <span class='ocrx_word' id='word_1_23' title='bbox 480 562 532 602; x_wconf 87' lang='lat' dir='ltr'>ab</span> <span class='ocrx_word' id='word_1_24' title='bbox 560 561 708 602; x_wconf 80' lang='lat' dir='ltr'>uxoris</span> <span class='ocrx_word' id='word_1_25' title='bbox 740 568 874 615; x_wconf 87' lang='lat' dir='ltr'>parte,</span> <span class='ocrx_word' id='word_1_26' title='bbox 899 562 950 602; x_wconf 93' lang='lat' dir='ltr'>de</span> <span class='ocrx_word' id='word_1_27' title='bbox 970 562 1246 603; x_wconf 84' lang='lat' dir='ltr'>Viromannia</span> <span class='ocrx_word' id='word_1_28' title='bbox 1272 562 1477 611; x_wconf 85' lang='lat' dir='ltr'>oriundae,</span> <span class='ocrx_word' id='word_1_29' title='bbox 1509 561 1719 614; x_wconf 82' lang='lat' dir='ltr'>adeptam,</span> 
     </span>
     <span class='ocr_line' id='line_1_6' title="bbox 323 628 1718 682; baseline -0.002 -13"><span class='ocrx_word' id='word_1_30' title='bbox 323 628 479 669; x_wconf 88' lang='lat' dir='ltr'>Comiti</span> <span class='ocrx_word' id='word_1_31' title='bbox 512 628 760 669; x_wconf 89' lang='lat' dir='ltr'>Theobaldo</span> <span class='ocrx_word' id='word_1_32' title='bbox 792 628 870 668; x_wconf 86' lang='lat' dir='ltr'>sub</span> <span class='ocrx_word' id='word_1_33' title='bbox 906 643 949 668; x_wconf 91' lang='lat' dir='ltr'>se</span> <span class='ocrx_word' id='word_1_34' title='bbox 984 628 1103 682; x_wconf 83' lang='lat' dir='ltr'>quasi</span> <span class='ocrx_word' id='word_1_35' title='bbox 1132 628 1287 669; x_wconf 86' lang='lat' dir='ltr'>vicario</span> <span class='ocrx_word' id='word_1_36' title='bbox 1317 629 1415 682; x_wconf 85' lang='lat' dir='ltr'>jure</span> <span class='ocrx_word' id='word_1_37' title='bbox 1445 633 1718 675; x_wconf 85' lang='lat' dir='ltr'>concesserat,</span> 
     </span>
     <span class='ocr_line' id='line_1_7' title="bbox 322 693 1719 750; baseline -0.001 -16"><span class='ocrx_word' id='word_1_38' title='bbox 322 695 375 735; x_wconf 87' lang='lat' dir='ltr'>ad</span> <span class='ocrx_word' id='word_1_39' title='bbox 403 709 576 735; x_wconf 89' lang='lat' dir='ltr'>manum</span> <span class='ocrx_word' id='word_1_40' title='bbox 606 702 810 744; x_wconf 87' lang='lat' dir='ltr'>revocata,</span> <span class='ocrx_word' id='word_1_41' title='bbox 837 696 925 750; x_wconf 90' lang='lat' dir='ltr'>jam</span> <span class='ocrx_word' id='word_1_42' title='bbox 960 695 1240 736; x_wconf 80' lang='lat' dir='ltr'>seneschallus</span> <span class='ocrx_word' id='word_1_43' title='bbox 1271 709 1346 749; x_wconf 90' lang='lat' dir='ltr'>per</span> <span class='ocrx_word' id='word_1_44' title='bbox 1378 709 1435 744; x_wconf 88' lang='lat' dir='ltr'>se,</span> <span class='ocrx_word' id='word_1_45' title='bbox 1466 694 1594 734; x_wconf 91' lang='lat' dir='ltr'>immo</span> <span class='ocrx_word' id='word_1_46' title='bbox 1624 693 1719 747; x_wconf 88' lang='lat' dir='ltr'>plus</span> 
     </span>
     <span class='ocr_line' id='line_1_8' title="bbox 324 760 1719 816; baseline -0.001 -15"><span class='ocrx_word' id='word_1_47' title='bbox 324 776 450 815; x_wconf 89' lang='lat' dir='ltr'>quam</span> <span class='ocrx_word' id='word_1_48' title='bbox 484 761 584 802; x_wconf 81' lang='lat' dir='ltr'>Rex</span> <span class='ocrx_word' id='word_1_49' title='bbox 619 762 862 816; x_wconf 83' lang='lat' dir='ltr'>occupavit3</span> <span class='ocrx_word' id='word_1_50' title='bbox 911 761 980 814; x_wconf 86' lang='lat' dir='ltr'>(ad</span> <span class='ocrx_word' id='word_1_51' title='bbox 1015 763 1134 816; x_wconf 87' lang='lat' dir='ltr'>cujus</span> <span class='ocrx_word' id='word_1_52' title='bbox 1165 762 1322 816; x_wconf 90' lang='lat' dir='ltr'>quippe</span> <span class='ocrx_word' id='word_1_53' title='bbox 1362 768 1514 801; x_wconf 88' lang='lat' dir='ltr'>nutum</span> <span class='ocrx_word' id='word_1_54' title='bbox 1545 775 1569 800; x_wconf 92' lang='lat' dir='ltr'>a</span> <span class='ocrx_word' id='word_1_55' title='bbox 1597 760 1719 813; x_wconf 85' lang='lat' dir='ltr'>Rege</span> 
     </span>
     <span class='ocr_line' id='line_1_9' title="bbox 323 828 1718 883; baseline -0.001 -16"><span class='ocrx_word' id='word_1_56' title='bbox 323 834 476 868; x_wconf 85' lang='lat' dir='ltr'>cuncta</span> <span class='ocrx_word' id='word_1_57' title='bbox 513 828 704 882; x_wconf 83' lang='lat' dir='ltr'>fiebant,)</span> <span class='ocrx_word' id='word_1_58' title='bbox 745 829 1006 883; x_wconf 86' lang='lat' dir='ltr'>aliquamdiu</span> <span class='ocrx_word' id='word_1_59' title='bbox 1044 829 1201 877; x_wconf 81' lang='lat' dir='ltr'>fuerit3</span> <span class='ocrx_word' id='word_1_60' title='bbox 1254 828 1454 882; x_wconf 85' lang='lat' dir='ltr'>quoniam</span> <span class='ocrx_word' id='word_1_61' title='bbox 1503 842 1572 868; x_wconf 90' lang='lat' dir='ltr'>cor</span> <span class='ocrx_word' id='word_1_62' title='bbox 1621 834 1718 867; x_wconf 84' lang='lat' dir='ltr'>ante</span> 
     </span>
     <span class='ocr_line' id='line_1_10' title="bbox 322 894 1719 944; baseline -0.001 -10"><span class='ocrx_word' id='word_1_63' title='bbox 322 894 488 934; x_wconf 86' lang='lat' dir='ltr'>ruinam</span> <span class='ocrx_word' id='word_1_64' title='bbox 530 894 708 934; x_wconf 84' lang='lat' dir='ltr'>exaltari</span> <span class='ocrx_word' id='word_1_65' title='bbox 748 896 868 944; x_wconf 88' lang='lat' dir='ltr'>solet,</span> <span class='ocrx_word' id='word_1_66' title='bbox 906 895 1129 935; x_wconf 87' lang='lat' dir='ltr'>Comitissa</span> <span class='ocrx_word' id='word_1_67' title='bbox 1165 895 1391 943; x_wconf 85' lang='lat' dir='ltr'>Flandriae,</span> <span class='ocrx_word' id='word_1_68' title='bbox 1423 894 1510 934; x_wconf 88' lang='lat' dir='ltr'>filia</span> <span class='ocrx_word' id='word_1_69' title='bbox 1545 909 1599 935; x_wconf 82' lang='lat' dir='ltr'>sc.</span> <span class='ocrx_word' id='word_1_70' title='bbox 1631 894 1719 934; x_wconf 86' lang='lat' dir='ltr'>Ra-</span> 
     </span>
     <span class='ocr_line' id='line_1_11' title="bbox 325 960 1719 1015; baseline 0 -15"><span class='ocrx_word' id='word_1_71' title='bbox 325 960 473 1012; x_wconf 86' lang='lat' dir='ltr'>dulphi</span> <span class='ocrx_word' id='word_1_72' title='bbox 495 960 672 1000; x_wconf 88' lang='lat' dir='ltr'>Comitis</span> <span class='ocrx_word' id='word_1_73' title='bbox 701 961 752 1000; x_wconf 90' lang='lat' dir='ltr'>de</span> <span class='ocrx_word' id='word_1_74' title='bbox 781 961 981 1010; x_wconf 86' lang='lat' dir='ltr'>Perrona,</span> <span class='ocrx_word' id='word_1_75' title='bbox 1003 976 1079 1015; x_wconf 88' lang='lat' dir='ltr'>per</span> <span class='ocrx_word' id='word_1_76' title='bbox 1108 976 1235 1014; x_wconf 90' lang='lat' dir='ltr'>quam</span> <span class='ocrx_word' id='word_1_77' title='bbox 1261 960 1479 1001; x_wconf 85' lang='lat' dir='ltr'>comitatui</span> <span class='ocrx_word' id='word_1_78' title='bbox 1508 960 1719 1001; x_wconf 87' lang='lat' dir='ltr'>Flandriae</span> 
     </span>
     <span class='ocr_line' id='line_1_12' title="bbox 323 1026 1720 1082; baseline -0.001 -15"><span class='ocrx_word' id='word_1_79' title='bbox 323 1026 643 1067; x_wconf 85' lang='lat' dir='ltr'>Viromanniam</span> <span class='ocrx_word' id='word_1_80' title='bbox 681 1027 859 1068; x_wconf 84' lang='lat' dir='ltr'>viriliter</span> <span class='ocrx_word' id='word_1_81' title='bbox 901 1028 1123 1082; x_wconf 84' lang='lat' dir='ltr'>adjecerat,</span> <span class='ocrx_word' id='word_1_82' title='bbox 1166 1034 1208 1067; x_wconf 88' lang='lat' dir='ltr'>et</span> <span class='ocrx_word' id='word_1_83' title='bbox 1259 1028 1461 1068; x_wconf 84' lang='lat' dir='ltr'>ditionem</span> <span class='ocrx_word' id='word_1_84' title='bbox 1512 1042 1630 1067; x_wconf 88' lang='lat' dir='ltr'>suam</span> <span class='ocrx_word' id='word_1_85' title='bbox 1676 1027 1720 1067; x_wconf 92' lang='lat' dir='ltr'>in</span> 
     </span>
     <span class='ocr_line' id='line_1_13' title="bbox 324 1093 1717 1147; baseline 0.001 -15"><span class='ocrx_word' id='word_1_86' title='bbox 324 1093 543 1133; x_wconf 89' lang='lat' dir='ltr'>Franciam</span> <span class='ocrx_word' id='word_1_87' title='bbox 589 1094 738 1147; x_wconf 88' lang='lat' dir='ltr'>procul</span> <span class='ocrx_word' id='word_1_88' title='bbox 779 1095 1042 1144; x_wconf 81' lang='lat' dir='ltr'>extenderat,</span> <span class='ocrx_word' id='word_1_89' title='bbox 1085 1094 1227 1134; x_wconf 90' lang='lat' dir='ltr'>subito</span> <span class='ocrx_word' id='word_1_90' title='bbox 1267 1109 1364 1134; x_wconf 90' lang='lat' dir='ltr'>casu</span> <span class='ocrx_word' id='word_1_91' title='bbox 1404 1102 1447 1134; x_wconf 91' lang='lat' dir='ltr'>et</span> <span class='ocrx_word' id='word_1_92' title='bbox 1485 1094 1717 1147; x_wconf 88' lang='lat' dir='ltr'>inopinato,</span> 
     </span>
     <span class='ocr_line' id='line_1_14' title="bbox 324 1159 1720 1210; baseline 0.001 -10"><span class='ocrx_word' id='word_1_93' title='bbox 324 1159 428 1200; x_wconf 89' lang='lat' dir='ltr'>citra</span> <span class='ocrx_word' id='word_1_94' title='bbox 457 1160 624 1201; x_wconf 89' lang='lat' dir='ltr'>heredis</span> <span class='ocrx_word' id='word_1_95' title='bbox 656 1160 866 1210; x_wconf 83' lang='lat' dir='ltr'>solatium,</span> <span class='ocrx_word' id='word_1_96' title='bbox 887 1161 929 1200; x_wconf 93' lang='lat' dir='ltr'>in</span> <span class='ocrx_word' id='word_1_97' title='bbox 960 1161 1047 1200; x_wconf 88' lang='lat' dir='ltr'>fata</span> <span class='ocrx_word' id='word_1_98' title='bbox 1068 1160 1277 1201; x_wconf 72' lang='lat' dir='ltr'>decessit.‘2</span> <span class='ocrx_word' id='word_1_99' title='bbox 1336 1160 1465 1202; x_wconf 80' lang='lat' dir='ltr'>Quod</span> <span class='ocrx_word' id='word_1_100' title='bbox 1500 1160 1720 1201; x_wconf 85' lang='lat' dir='ltr'>audientes</span> 
     </span>
     <span class='ocr_line' id='line_1_15' title="bbox 325 1227 1720 1281; baseline 0.001 -15"><span class='ocrx_word' id='word_1_101' title='bbox 325 1227 521 1267; x_wconf 90' lang='lat' dir='ltr'>avunculi</span> <span class='ocrx_word' id='word_1_102' title='bbox 543 1227 676 1281; x_wconf 82' lang='lat' dir='ltr'>Regis</span> <span class='ocrx_word' id='word_1_103' title='bbox 709 1234 752 1267; x_wconf 89' lang='lat' dir='ltr'>et</span> <span class='ocrx_word' id='word_1_104' title='bbox 785 1227 910 1281; x_wconf 84' lang='lat' dir='ltr'>stirps</span> <span class='ocrx_word' id='word_1_105' title='bbox 931 1227 1156 1276; x_wconf 87' lang='lat' dir='ltr'>Blesensis,</span> <span class='ocrx_word' id='word_1_106' title='bbox 1178 1227 1328 1267; x_wconf 83' lang='lat' dir='ltr'>idonea</span> <span class='ocrx_word' id='word_1_107' title='bbox 1360 1234 1445 1267; x_wconf 87' lang='lat' dir='ltr'>tam</span> <span class='ocrx_word' id='word_1_108' title='bbox 1478 1227 1646 1268; x_wconf 88' lang='lat' dir='ltr'>talionis</span> <span class='ocrx_word' id='word_1_109' title='bbox 1676 1234 1720 1268; x_wconf 86' lang='lat' dir='ltr'>et</span> 
     </span>
     <span class='ocr_line' id='line_1_16' title="bbox 324 1293 1723 1348; baseline 0.001 -16"><span class='ocrx_word' id='word_1_110' title='bbox 324 1293 522 1333; x_wconf 90' lang='lat' dir='ltr'>vindictae</span> <span class='ocrx_word' id='word_1_111' title='bbox 542 1294 758 1333; x_wconf 88' lang='lat' dir='ltr'>occasione</span> <span class='ocrx_word' id='word_1_112' title='bbox 775 1300 957 1348; x_wconf 79' lang='lat' dir='ltr'>captata,</span> <span class='ocrx_word' id='word_1_113' title='bbox 977 1294 1029 1334; x_wconf 90' lang='lat' dir='ltr'>ad</span> <span class='ocrx_word' id='word_1_114' title='bbox 1051 1294 1216 1348; x_wconf 81' lang='lat' dir='ltr'>Regem</span> <span class='ocrx_word' id='word_1_115' title='bbox 1234 1300 1496 1334; x_wconf 87' lang='lat' dir='ltr'>accesserunt</span> <span class='ocrx_word' id='word_1_116' title='bbox 1510 1295 1583 1348; x_wconf 87' lang='lat' dir='ltr'>jus</span> <span class='ocrx_word' id='word_1_117' title='bbox 1598 1309 1723 1334; x_wconf 88' lang='lat' dir='ltr'>suum</span> 
     </span>
     <span class='ocr_line' id='line_1_17' title="bbox 324 1358 1721 1414; baseline 0.001 -15"><span class='ocrx_word' id='word_1_118' title='bbox 324 1359 369 1399; x_wconf 91' lang='lat' dir='ltr'>in</span> <span class='ocrx_word' id='word_1_119' title='bbox 408 1358 686 1400; x_wconf 86' lang='lat' dir='ltr'>Viromannia</span> <span class='ocrx_word' id='word_1_120' title='bbox 737 1360 888 1410; x_wconf 88' lang='lat' dir='ltr'>eidem,</span> <span class='ocrx_word' id='word_1_121' title='bbox 935 1361 1136 1401; x_wconf 85' lang='lat' dir='ltr'>extinctis</span> <span class='ocrx_word' id='word_1_122' title='bbox 1183 1360 1423 1409; x_wconf 81' lang='lat' dir='ltr'>heredibus,</span> <span class='ocrx_word' id='word_1_123' title='bbox 1470 1361 1721 1414; x_wconf 89' lang='lat' dir='ltr'>aperientes,</span> 
     </span>
     <span class='ocr_line' id='line_1_18' title="bbox 325 1426 1720 1480; baseline 0.002 -16"><span class='ocrx_word' id='word_1_124' title='bbox 325 1431 368 1465; x_wconf 92' lang='lat' dir='ltr'>et</span> <span class='ocrx_word' id='word_1_125' title='bbox 388 1432 437 1466; x_wconf 89' lang='lat' dir='ltr'>ut</span> <span class='ocrx_word' id='word_1_126' title='bbox 457 1432 621 1466; x_wconf 88' lang='lat' dir='ltr'>tantum</span> <span class='ocrx_word' id='word_1_127' title='bbox 652 1426 855 1466; x_wconf 89' lang='lat' dir='ltr'>honorem</span> <span class='ocrx_word' id='word_1_128' title='bbox 888 1427 940 1467; x_wconf 89' lang='lat' dir='ltr'>ad</span> <span class='ocrx_word' id='word_1_129' title='bbox 970 1442 1120 1467; x_wconf 87' lang='lat' dir='ltr'>manus</span> <span class='ocrx_word' id='word_1_130' title='bbox 1142 1428 1232 1480; x_wconf 86' lang='lat' dir='ltr'>ejus</span> <span class='ocrx_word' id='word_1_131' title='bbox 1261 1428 1311 1467; x_wconf 92' lang='lat' dir='ltr'>de</span> <span class='ocrx_word' id='word_1_132' title='bbox 1340 1428 1436 1480; x_wconf 88' lang='lat' dir='ltr'>jure</span> <span class='ocrx_word' id='word_1_133' title='bbox 1457 1427 1720 1477; x_wconf 84' lang='lat' dir='ltr'>devolutum,</span> 
     </span>
     <span class='ocr_line' id='line_1_19' title="bbox 324 1491 1720 1548; baseline 0.002 -17"><span class='ocrx_word' id='word_1_134' title='bbox 324 1491 563 1545; x_wconf 85' lang='lat' dir='ltr'>Anglorum</span> <span class='ocrx_word' id='word_1_135' title='bbox 585 1492 717 1547; x_wconf 81' lang='lat' dir='ltr'>Regis</span> <span class='ocrx_word' id='word_1_136' title='bbox 741 1493 919 1534; x_wconf 78' lang='lat' dir='ltr'>Hemici</span> <span class='ocrx_word' id='word_1_137' title='bbox 948 1493 1083 1533; x_wconf 83' lang='lat' dir='ltr'>fultus</span> <span class='ocrx_word' id='word_1_138' title='bbox 1116 1494 1292 1544; x_wconf 83' lang='lat' dir='ltr'>auxilio,</span> <span class='ocrx_word' id='word_1_139' title='bbox 1313 1494 1364 1534; x_wconf 88' lang='lat' dir='ltr'>ab</span> <span class='ocrx_word' id='word_1_140' title='bbox 1392 1494 1552 1548; x_wconf 87' lang='lat' dir='ltr'>injusto</span> <span class='ocrx_word' id='word_1_141' title='bbox 1573 1495 1720 1534; x_wconf 88' lang='lat' dir='ltr'>deten-</span> 
     </span>
     <span class='ocr_line' id='line_1_20' title="bbox 320 1560 1722 1615; baseline 0.002 -17"><span class='ocrx_word' id='word_1_142' title='bbox 320 1566 411 1599; x_wconf 85' lang='lat' dir='ltr'>tore</span> <span class='ocrx_word' id='word_1_143' title='bbox 439 1567 666 1609; x_wconf 83' lang='lat' dir='ltr'>revocaret,</span> <span class='ocrx_word' id='word_1_144' title='bbox 695 1575 858 1614; x_wconf 89' lang='lat' dir='ltr'>suoque</span> <span class='ocrx_word' id='word_1_145' title='bbox 890 1560 1075 1600; x_wconf 90' lang='lat' dir='ltr'>dominio</span> <span class='ocrx_word' id='word_1_146' title='bbox 1107 1567 1149 1601; x_wconf 92' lang='lat' dir='ltr'>et</span> <span class='ocrx_word' id='word_1_147' title='bbox 1178 1576 1335 1601; x_wconf 90' lang='lat' dir='ltr'>mensae</span> <span class='ocrx_word' id='word_1_148' title='bbox 1365 1561 1495 1614; x_wconf 83' lang='lat' dir='ltr'>regali</span> <span class='ocrx_word' id='word_1_149' title='bbox 1523 1568 1722 1615; x_wconf 89' lang='lat' dir='ltr'>potenter</span> 
     </span>
     <span class='ocr_line' id='line_1_21' title="bbox 319 1625 1720 1681; baseline 0.002 -16"><span class='ocrx_word' id='word_1_150' title='bbox 319 1625 521 1680; x_wconf 85' lang='lat' dir='ltr'>adjiceret</span> <span class='ocrx_word' id='word_1_151' title='bbox 570 1626 883 1679; x_wconf 84' lang='lat' dir='ltr'>persuadentes.</span> <span class='ocrx_word' id='word_1_152' title='bbox 965 1626 1064 1667; x_wconf 87' lang='lat' dir='ltr'>Rex</span> <span class='ocrx_word' id='word_1_153' title='bbox 1106 1634 1249 1668; x_wconf 88' lang='lat' dir='ltr'>autem</span> <span class='ocrx_word' id='word_1_154' title='bbox 1289 1642 1545 1681; x_wconf 88' lang='lat' dir='ltr'>quamquam</span> <span class='ocrx_word' id='word_1_155' title='bbox 1593 1635 1720 1669; x_wconf 84' lang='lat' dir='ltr'>aetate</span> 
     </span>
     <span class='ocr_line' id='line_1_22' title="bbox 319 1693 1721 1749; baseline 0.003 -18"><span class='ocrx_word' id='word_1_156' title='bbox 319 1707 440 1746; x_wconf 89' lang='lat' dir='ltr'>puer,</span> <span class='ocrx_word' id='word_1_157' title='bbox 481 1700 624 1732; x_wconf 89' lang='lat' dir='ltr'>mente</span> <span class='ocrx_word' id='word_1_158' title='bbox 664 1693 869 1733; x_wconf 85' lang='lat' dir='ltr'>maturior</span> <span class='ocrx_word' id='word_1_159' title='bbox 911 1700 954 1734; x_wconf 89' lang='lat' dir='ltr'>et</span> <span class='ocrx_word' id='word_1_160' title='bbox 993 1693 1202 1744; x_wconf 80' lang='lat' dir='ltr'>consilio,3</span> <span class='ocrx_word' id='word_1_161' title='bbox 1241 1694 1459 1747; x_wconf 86' lang='lat' dir='ltr'>gratiaque</span> <span class='ocrx_word' id='word_1_162' title='bbox 1505 1695 1721 1749; x_wconf 86' lang='lat' dir='ltr'>praecipue</span> 
     </span>
     <span class='ocr_line' id='line_1_23' title="bbox 321 1759 1721 1813; baseline 0.003 -15"><span class='ocrx_word' id='word_1_163' title='bbox 321 1759 502 1813; x_wconf 85' lang='lat' dir='ltr'>desuper</span> <span class='ocrx_word' id='word_1_164' title='bbox 536 1759 722 1813; x_wconf 85' lang='lat' dir='ltr'>adjutus,</span> <span class='ocrx_word' id='word_1_165' title='bbox 754 1760 926 1800; x_wconf 85' lang='lat' dir='ltr'>honoris</span> <span class='ocrx_word' id='word_1_166' title='bbox 960 1760 1023 1800; x_wconf 84' lang='lat' dir='ltr'>sui</span> <span class='ocrx_word' id='word_1_167' title='bbox 1057 1767 1100 1800; x_wconf 89' lang='lat' dir='ltr'>et</span> <span class='ocrx_word' id='word_1_168' title='bbox 1132 1760 1406 1801; x_wconf 83' lang='lat' dir='ltr'>emolumenti</span> <span class='ocrx_word' id='word_1_169' title='bbox 1442 1761 1603 1802; x_wconf 88' lang='lat' dir='ltr'>monita</span> <span class='ocrx_word' id='word_1_170' title='bbox 1636 1776 1721 1802; x_wconf 91' lang='lat' dir='ltr'>non</span> 
     </span>
     <span class='ocr_line' id='line_1_24' title="bbox 320 1827 1719 1883; baseline 0.003 -18"><span class='ocrx_word' id='word_1_171' title='bbox 320 1841 537 1880; x_wconf 83' lang='lat' dir='ltr'>respuens,</span> <span class='ocrx_word' id='word_1_172' title='bbox 563 1827 798 1880; x_wconf 86' lang='lat' dir='ltr'>Anglorum</span> <span class='ocrx_word' id='word_1_173' title='bbox 822 1828 987 1881; x_wconf 83' lang='lat' dir='ltr'>Regem</span> <span class='ocrx_word' id='word_1_174' title='bbox 1026 1835 1226 1881; x_wconf 88' lang='lat' dir='ltr'>tanquam</span> <span class='ocrx_word' id='word_1_175' title='bbox 1260 1843 1337 1882; x_wconf 91' lang='lat' dir='ltr'>pro</span> <span class='ocrx_word' id='word_1_176' title='bbox 1368 1835 1486 1883; x_wconf 88' lang='lat' dir='ltr'>patre</span> <span class='ocrx_word' id='word_1_177' title='bbox 1521 1829 1719 1883; x_wconf 87' lang='lat' dir='ltr'>suscepit,</span> 
     </span>
     <span class='ocr_line' id='line_1_25' title="bbox 321 1893 1721 1947; baseline 0.003 -15"><span class='ocrx_word' id='word_1_178' title='bbox 321 1894 498 1947; x_wconf 87' lang='lat' dir='ltr'>ejusque</span> <span class='ocrx_word' id='word_1_179' title='bbox 536 1893 581 1932; x_wconf 91' lang='lat' dir='ltr'>in</span> <span class='ocrx_word' id='word_1_180' title='bbox 627 1893 706 1934; x_wconf 92' lang='lat' dir='ltr'>hoc</span> <span class='ocrx_word' id='word_1_181' title='bbox 743 1893 922 1934; x_wconf 84' lang='lat' dir='ltr'>articulo</span> <span class='ocrx_word' id='word_1_182' title='bbox 963 1910 1005 1934; x_wconf 87' lang='lat' dir='ltr'>se</span> <span class='ocrx_word' id='word_1_183' title='bbox 1047 1895 1229 1935; x_wconf 89' lang='lat' dir='ltr'>consiliis</span> <span class='ocrx_word' id='word_1_184' title='bbox 1268 1911 1324 1936; x_wconf 84' lang='lat' dir='ltr'>ex</span> <span class='ocrx_word' id='word_1_185' title='bbox 1365 1902 1454 1935; x_wconf 87' lang='lat' dir='ltr'>toto</span> <span class='ocrx_word' id='word_1_186' title='bbox 1494 1896 1721 1936; x_wconf 76' lang='lat' dir='ltr'>submisit.4</span> 
     </span>
     <span class='ocr_line' id='line_1_26' title="bbox 323 1959 1720 2014; baseline 0.003 -16"><span class='ocrx_word' id='word_1_187' title='bbox 323 1959 449 1999; x_wconf 90' lang='lat' dir='ltr'>Unde</span> <span class='ocrx_word' id='word_1_188' title='bbox 481 1967 524 1999; x_wconf 90' lang='lat' dir='ltr'>et</span> <span class='ocrx_word' id='word_1_189' title='bbox 556 1961 609 2000; x_wconf 87' lang='lat' dir='ltr'>ad</span> <span class='ocrx_word' id='word_1_190' title='bbox 642 1961 732 2014; x_wconf 90' lang='lat' dir='ltr'>ejus</span> <span class='ocrx_word' id='word_1_191' title='bbox 766 1966 921 2000; x_wconf 91' lang='lat' dir='ltr'>nutum</span> <span class='ocrx_word' id='word_1_192' title='bbox 956 1960 1000 2000; x_wconf 89' lang='lat' dir='ltr'>in</span> <span class='ocrx_word' id='word_1_193' title='bbox 1032 1960 1178 2014; x_wconf 85' lang='lat' dir='ltr'>primis</span> <span class='ocrx_word' id='word_1_194' title='bbox 1217 1961 1528 2002; x_wconf 85' lang='lat' dir='ltr'>seneschalliam</span> <span class='ocrx_word' id='word_1_195' title='bbox 1565 1962 1720 2002; x_wconf 87' lang='lat' dir='ltr'>iterum</span> 
     </span>
     <span class='ocr_line' id='line_1_27' title="bbox 326 2024 1721 2081; baseline 0.003 -16"><span class='ocrx_word' id='word_1_196' title='bbox 326 2024 483 2066; x_wconf 88' lang='lat' dir='ltr'>Comiti</span> <span class='ocrx_word' id='word_1_197' title='bbox 506 2026 766 2076; x_wconf 86' lang='lat' dir='ltr'>Theobaldo,</span> <span class='ocrx_word' id='word_1_198' title='bbox 791 2034 833 2066; x_wconf 91' lang='lat' dir='ltr'>et</span> <span class='ocrx_word' id='word_1_199' title='bbox 859 2027 984 2067; x_wconf 84' lang='lat' dir='ltr'>matri</span> <span class='ocrx_word' id='word_1_200' title='bbox 1005 2042 1093 2067; x_wconf 84' lang='lat' dir='ltr'>suae</span> <span class='ocrx_word' id='word_1_201' title='bbox 1119 2027 1298 2081; x_wconf 80' lang='lat' dir='ltr'>Reginae</span> <span class='ocrx_word' id='word_1_202' title='bbox 1322 2028 1560 2069; x_wconf 86' lang='lat' dir='ltr'>dotalitium</span> <span class='ocrx_word' id='word_1_203' title='bbox 1582 2043 1721 2078; x_wconf 89' lang='lat' dir='ltr'>suum,</span> 
     </span>
    </p>
   </div>
   <div class='ocr_carea' id='block_1_3' title="bbox 324 2155 997 2794">
    <p class='ocr_par' dir='ltr' id='par_1_4' title="bbox 324 2155 994 2246">
     <span class='ocr_line' id='line_1_28' title="bbox 374 2155 994 2191; baseline 0.005 -3"><span class='ocrx_word' id='word_1_204' title='bbox 374 2156 383 2174; x_wconf 91' lang='lat'>¹</span> <span class='ocrx_word' id='word_1_205' title='bbox 411 2155 494 2189; x_wconf 89' lang='lat' dir='ltr'>This</span> <span class='ocrx_word' id='word_1_206' title='bbox 513 2156 702 2190; x_wconf 86' lang='lat' dir='ltr'>dissension</span> <span class='ocrx_word' id='word_1_207' title='bbox 721 2168 815 2191; x_wconf 82' lang='lat' dir='ltr'>arose</span> <span class='ocrx_word' id='word_1_208' title='bbox 833 2158 917 2191; x_wconf 84' lang='lat' dir='ltr'>from</span> <span class='ocrx_word' id='word_1_209' title='bbox 937 2158 994 2191; x_wconf 86' lang='lat' dir='ltr'>the</span> 
     </span>
     <span class='ocr_line' id='line_1_29' title="bbox 324 2200 799 2246; baseline 0.006 -12"><span class='ocrx_word' id='word_1_210' title='bbox 324 2200 497 2246; x_wconf 84' lang='lat' dir='ltr'>following</span> <span class='ocrx_word' id='word_1_211' title='bbox 516 2202 778 2237; x_wconf 80' lang='lat' dir='ltr'>circumstances</span> <span class='ocrx_word' id='word_1_212' title='bbox 793 2215 799 2237; x_wconf 93' lang='lat'>:</span> 
     </span>
    </p>

    <p class='ocr_par' dir='ltr' id='par_1_5' title="bbox 327 2247 997 2794">
     <span class='ocr_line' id='line_1_30' title="bbox 374 2247 994 2292; baseline 0.003 -12"><span class='ocrx_word' id='word_1_213' title='bbox 374 2247 415 2280; x_wconf 92' lang='lat' dir='ltr'>In</span> <span class='ocrx_word' id='word_1_214' title='bbox 433 2247 490 2280; x_wconf 89' lang='lat' dir='ltr'>the</span> <span class='ocrx_word' id='word_1_215' title='bbox 521 2260 600 2292; x_wconf 84' lang='lat' dir='ltr'>year</span> <span class='ocrx_word' id='word_1_216' title='bbox 620 2251 718 2292; x_wconf 76' lang='lat'>1180,</span> <span class='ocrx_word' id='word_1_217' title='bbox 737 2249 772 2281; x_wconf 88' lang='lat' dir='ltr'>in</span> <span class='ocrx_word' id='word_1_218' title='bbox 794 2249 850 2282; x_wconf 87' lang='lat' dir='ltr'>the</span> <span class='ocrx_word' id='word_1_219' title='bbox 876 2249 994 2282; x_wconf 83' lang='lat' dir='ltr'>mouth</span> 
     </span>
     <span class='ocr_line' id='line_1_31' title="bbox 327 2292 994 2339; baseline 0.003 -14"><span class='ocrx_word' id='word_1_220' title='bbox 327 2292 365 2325; x_wconf 88' lang='lat' dir='ltr'>of</span> <span class='ocrx_word' id='word_1_221' title='bbox 378 2293 487 2337; x_wconf 85' lang='lat' dir='ltr'>April,</span> <span class='ocrx_word' id='word_1_222' title='bbox 502 2293 615 2339; x_wconf 89' lang='lat' dir='ltr'>Philip</span> <span class='ocrx_word' id='word_1_223' title='bbox 634 2295 779 2327; x_wconf 84' lang='lat' dir='ltr'>married</span> <span class='ocrx_word' id='word_1_224' title='bbox 797 2295 854 2328; x_wconf 83' lang='lat' dir='ltr'>the</span> <span class='ocrx_word' id='word_1_225' title='bbox 868 2295 994 2339; x_wconf 78' lang='lat' dir='ltr'>daugh-</span> 
     </span>
     <span class='ocr_line' id='line_1_32' title="bbox 327 2339 993 2383; baseline 0.005 -13"><span class='ocrx_word' id='word_1_226' title='bbox 327 2344 378 2370; x_wconf 82' lang='lat' dir='ltr'>ter</span> <span class='ocrx_word' id='word_1_227' title='bbox 396 2339 433 2371; x_wconf 86' lang='lat' dir='ltr'>of</span> <span class='ocrx_word' id='word_1_228' title='bbox 457 2339 611 2372; x_wconf 86' lang='lat' dir='ltr'>Baldwin</span> <span class='ocrx_word' id='word_1_229' title='bbox 631 2340 743 2373; x_wconf 84' lang='lat' dir='ltr'>Count</span> <span class='ocrx_word' id='word_1_230' title='bbox 761 2341 798 2373; x_wconf 86' lang='lat' dir='ltr'>of</span> <span class='ocrx_word' id='word_1_231' title='bbox 820 2340 993 2383; x_wconf 72' lang='lat' dir='ltr'>Hainauh,</span> 
     </span>
     <span class='ocr_line' id='line_1_33' title="bbox 328 2384 994 2430; baseline 0.005 -14"><span class='ocrx_word' id='word_1_232' title='bbox 328 2384 424 2417; x_wconf 83' lang='lat' dir='ltr'>nicee</span> <span class='ocrx_word' id='word_1_233' title='bbox 443 2384 480 2417; x_wconf 89' lang='lat' dir='ltr'>of</span> <span class='ocrx_word' id='word_1_234' title='bbox 501 2385 613 2430; x_wconf 87' lang='lat' dir='ltr'>Philip</span> <span class='ocrx_word' id='word_1_235' title='bbox 634 2386 745 2419; x_wconf 88' lang='lat' dir='ltr'>Count</span> <span class='ocrx_word' id='word_1_236' title='bbox 762 2386 800 2419; x_wconf 85' lang='lat' dir='ltr'>of</span> <span class='ocrx_word' id='word_1_237' title='bbox 819 2386 994 2420; x_wconf 83' lang='lat' dir='ltr'>Flanders.</span> 
     </span>
     <span class='ocr_line' id='line_1_34' title="bbox 333 2429 994 2476; baseline 0.008 -15"><span class='ocrx_word' id='word_1_238' title='bbox 333 2429 406 2462; x_wconf 88' lang='lat' dir='ltr'>The</span> <span class='ocrx_word' id='word_1_239' title='bbox 439 2442 514 2464; x_wconf 90' lang='lat' dir='ltr'>new</span> <span class='ocrx_word' id='word_1_240' title='bbox 544 2431 665 2476; x_wconf 84' lang='lat' dir='ltr'>King&#39;s</span> <span class='ocrx_word' id='word_1_241' title='bbox 697 2432 813 2465; x_wconf 87' lang='lat' dir='ltr'>uncles</span> <span class='ocrx_word' id='word_1_242' title='bbox 839 2433 919 2465; x_wconf 89' lang='lat' dir='ltr'>took</span> <span class='ocrx_word' id='word_1_243' title='bbox 947 2432 994 2465; x_wconf 85' lang='lat' dir='ltr'>of-</span> 
     </span>
     <span class='ocr_line' id='line_1_35' title="bbox 329 2474 995 2521; baseline 0.006 -14"><span class='ocrx_word' id='word_1_244' title='bbox 329 2474 437 2519; x_wconf 83' lang='lat' dir='ltr'>fence,</span> <span class='ocrx_word' id='word_1_245' title='bbox 463 2488 499 2509; x_wconf 85' lang='lat' dir='ltr'>as</span> <span class='ocrx_word' id='word_1_246' title='bbox 525 2477 684 2521; x_wconf 85' lang='lat' dir='ltr'>thinking</span> <span class='ocrx_word' id='word_1_247' title='bbox 709 2478 766 2510; x_wconf 89' lang='lat' dir='ltr'>the</span> <span class='ocrx_word' id='word_1_248' title='bbox 795 2478 909 2511; x_wconf 80' lang='lat' dir='ltr'>match</span> <span class='ocrx_word' id='word_1_249' title='bbox 939 2478 995 2511; x_wconf 87' lang='lat' dir='ltr'>de-</span> 
     </span>
     <span class='ocr_line' id='line_1_36' title="bbox 330 2521 995 2568; baseline 0.006 -16"><span class='ocrx_word' id='word_1_250' title='bbox 330 2521 494 2565; x_wconf 72' lang='lat' dir='ltr'>grading3</span> <span class='ocrx_word' id='word_1_251' title='bbox 536 2522 596 2555; x_wconf 85' lang='lat' dir='ltr'>but</span> <span class='ocrx_word' id='word_1_252' title='bbox 629 2523 752 2568; x_wconf 88' lang='lat' dir='ltr'>chiefly</span> <span class='ocrx_word' id='word_1_253' title='bbox 784 2524 929 2557; x_wconf 84' lang='lat' dir='ltr'>because</span> <span class='ocrx_word' id='word_1_254' title='bbox 969 2524 995 2556; x_wconf 88' lang='lat' dir='ltr'>it</span> 
     </span>
     <span class='ocr_line' id='line_1_37' title="bbox 330 2566 997 2602; baseline 0.004 -4"><span class='ocrx_word' id='word_1_255' title='bbox 330 2566 397 2598; x_wconf 83' lang='lat' dir='ltr'>had</span> <span class='ocrx_word' id='word_1_256' title='bbox 414 2566 498 2599; x_wconf 85' lang='lat' dir='ltr'>been</span> <span class='ocrx_word' id='word_1_257' title='bbox 517 2569 788 2601; x_wconf 85' lang='lat' dir='ltr'>communicated</span> <span class='ocrx_word' id='word_1_258' title='bbox 807 2575 840 2602; x_wconf 91' lang='lat' dir='ltr'>to</span> <span class='ocrx_word' id='word_1_259' title='bbox 858 2581 944 2601; x_wconf 88' lang='lat' dir='ltr'>none</span> <span class='ocrx_word' id='word_1_260' title='bbox 963 2569 997 2602; x_wconf 82' lang='lat' dir='ltr'>of</span> 
     </span>
     <span class='ocr_line' id='line_1_38' title="bbox 330 2611 995 2654; baseline 0.006 -11"><span class='ocrx_word' id='word_1_261' title='bbox 330 2611 542 2654; x_wconf 76' lang='lat' dir='ltr'>themselves,</span> <span class='ocrx_word' id='word_1_262' title='bbox 561 2613 627 2645; x_wconf 85' lang='lat' dir='ltr'>and</span> <span class='ocrx_word' id='word_1_263' title='bbox 651 2613 707 2646; x_wconf 90' lang='lat' dir='ltr'>the</span> <span class='ocrx_word' id='word_1_264' title='bbox 732 2614 809 2647; x_wconf 84' lang='lat' dir='ltr'>Ear]</span> <span class='ocrx_word' id='word_1_265' title='bbox 831 2614 868 2647; x_wconf 89' lang='lat' dir='ltr'>of</span> <span class='ocrx_word' id='word_1_266' title='bbox 893 2614 995 2647; x_wconf 80' lang='lat' dir='ltr'>Flan-</span> 
     </span>
     <span class='ocr_line' id='line_1_39' title="bbox 330 2656 994 2702; baseline 0.006 -14"><span class='ocrx_word' id='word_1_267' title='bbox 330 2656 405 2689; x_wconf 89' lang='lat' dir='ltr'>ders</span> <span class='ocrx_word' id='word_1_268' title='bbox 422 2657 488 2689; x_wconf 81' lang='lat' dir='ltr'>had</span> <span class='ocrx_word' id='word_1_269' title='bbox 507 2658 586 2702; x_wconf 90' lang='lat' dir='ltr'>only</span> <span class='ocrx_word' id='word_1_270' title='bbox 602 2658 688 2691; x_wconf 89' lang='lat' dir='ltr'>been</span> <span class='ocrx_word' id='word_1_271' title='bbox 706 2659 893 2693; x_wconf 83' lang='lat' dir='ltr'>consulted.</span> <span class='ocrx_word' id='word_1_272' title='bbox 944 2659 994 2692; x_wconf 91' lang='lat' dir='ltr'>To</span> 
     </span>
     <span class='ocr_line' id='line_1_40' title="bbox 328 2701 994 2738; baseline 0.005 -4"><span class='ocrx_word' id='word_1_273' title='bbox 328 2701 396 2734; x_wconf 89' lang='lat' dir='ltr'>this</span> <span class='ocrx_word' id='word_1_274' title='bbox 426 2714 445 2735; x_wconf 90' lang='lat' dir='ltr'>a</span> <span class='ocrx_word' id='word_1_275' title='bbox 471 2714 546 2736; x_wconf 88' lang='lat' dir='ltr'>new</span> <span class='ocrx_word' id='word_1_276' title='bbox 575 2715 674 2737; x_wconf 84' lang='lat' dir='ltr'>cause</span> <span class='ocrx_word' id='word_1_277' title='bbox 702 2706 740 2737; x_wconf 88' lang='lat' dir='ltr'>of</span> <span class='ocrx_word' id='word_1_278' title='bbox 768 2706 897 2738; x_wconf 88' lang='lat' dir='ltr'>offence</span> <span class='ocrx_word' id='word_1_279' title='bbox 927 2717 994 2737; x_wconf 80' lang='lat' dir='ltr'>was</span> 
     </span>
     <span class='ocr_line' id='line_1_41' title="bbox 328 2747 994 2794; baseline 0.008 -15"><span class='ocrx_word' id='word_1_280' title='bbox 328 2747 438 2781; x_wconf 83' lang='lat' dir='ltr'>added</span> <span class='ocrx_word' id='word_1_281' title='bbox 454 2759 460 2783; x_wconf 91' lang='lat'>:</span> <span class='ocrx_word' id='word_1_282' title='bbox 499 2748 612 2794; x_wconf 87' lang='lat' dir='ltr'>Philip</span> <span class='ocrx_word' id='word_1_283' title='bbox 630 2749 696 2783; x_wconf 83' lang='lat' dir='ltr'>had</span> <span class='ocrx_word' id='word_1_284' title='bbox 714 2750 814 2784; x_wconf 86' lang='lat' dir='ltr'>taken</span> <span class='ocrx_word' id='word_1_285' title='bbox 832 2751 917 2784; x_wconf 86' lang='lat' dir='ltr'>from</span> <span class='ocrx_word' id='word_1_286' title='bbox 942 2750 994 2784; x_wconf 79' lang='lat' dir='ltr'>his</span> 
     </span>
    </p>
   </div>
   <div class='ocr_carea' id='block_1_4' title="bbox 1055 2157 1722 2751">
    <p class='ocr_par' dir='ltr' id='par_1_6' title="bbox 1055 2157 1720 2248">
     <span class='ocr_line' id='line_1_42' title="bbox 1057 2157 1720 2192; baseline 0.003 -2"><span class='ocrx_word' id='word_1_287' title='bbox 1057 2157 1189 2191; x_wconf 85' lang='lat' dir='ltr'>mother</span> <span class='ocrx_word' id='word_1_288' title='bbox 1218 2158 1343 2191; x_wconf 83' lang='lat' dir='ltr'>certain</span> <span class='ocrx_word' id='word_1_289' title='bbox 1374 2158 1496 2191; x_wconf 80' lang='lat' dir='ltr'>castles</span> <span class='ocrx_word' id='word_1_290' title='bbox 1518 2158 1628 2192; x_wconf 89' lang='lat' dir='ltr'>which</span> <span class='ocrx_word' id='word_1_291' title='bbox 1653 2158 1720 2192; x_wconf 84' lang='lat' dir='ltr'>had</span> 
     </span>
     <span class='ocr_line' id='line_1_43' title="bbox 1055 2203 1543 2248; baseline 0 -11"><span class='ocrx_word' id='word_1_292' title='bbox 1055 2203 1187 2237; x_wconf 84' lang='lat' dir='ltr'>formed</span> <span class='ocrx_word' id='word_1_293' title='bbox 1204 2210 1277 2248; x_wconf 82' lang='lat' dir='ltr'>part</span> <span class='ocrx_word' id='word_1_294' title='bbox 1295 2204 1332 2236; x_wconf 85' lang='lat' dir='ltr'>of</span> <span class='ocrx_word' id='word_1_295' title='bbox 1344 2203 1404 2236; x_wconf 90' lang='lat' dir='ltr'>her</span> <span class='ocrx_word' id='word_1_296' title='bbox 1422 2203 1543 2238; x_wconf 85' lang='lat' dir='ltr'>dower.</span> 
     </span>
    </p>

    <p class='ocr_par' dir='ltr' id='par_1_7' title="bbox 1058 2249 1717 2339">
     <span class='ocr_line' id='line_1_44' title="bbox 1105 2249 1717 2289; baseline 0.002 -7"><span class='ocrx_word' id='word_1_297' title='bbox 1105 2249 1167 2282; x_wconf 86' lang='lat' dir='ltr'>See</span> <span class='ocrx_word' id='word_1_298' title='bbox 1195 2249 1344 2282; x_wconf 76' lang='lat' dir='ltr'>Gervase</span> <span class='ocrx_word' id='word_1_299' title='bbox 1376 2250 1410 2282; x_wconf 92' lang='lat' dir='ltr'>in</span> <span class='ocrx_word' id='word_1_300' title='bbox 1445 2261 1524 2289; x_wconf 81' lang='lat' dir='ltr'>an.;</span> <span class='ocrx_word' id='word_1_301' title='bbox 1550 2249 1648 2283; x_wconf 84' lang='lat' dir='ltr'>Will.</span> <span class='ocrx_word' id='word_1_302' title='bbox 1676 2250 1717 2283; x_wconf 89' lang='lat' dir='ltr'>de</span> 
     </span>
     <span class='ocr_line' id='line_1_45' title="bbox 1058 2295 1669 2339; baseline 0.002 -12"><span class='ocrx_word' id='word_1_303' title='bbox 1058 2295 1201 2339; x_wconf 78' lang='lat' dir='ltr'>Nangis,</span> <span class='ocrx_word' id='word_1_304' title='bbox 1220 2295 1242 2328; x_wconf 91' lang='lat' dir='ltr'>i.</span> <span class='ocrx_word' id='word_1_305' title='bbox 1262 2297 1327 2336; x_wconf 87' lang='lat'>69;</span> <span class='ocrx_word' id='word_1_306' title='bbox 1353 2295 1551 2339; x_wconf 81' lang='lat' dir='ltr'>Brompton,</span> <span class='ocrx_word' id='word_1_307' title='bbox 1572 2295 1669 2337; x_wconf 70' lang='grc'>1141,</span> 
     </span>
    </p>

    <p class='ocr_par' dir='ltr' id='par_1_8' title="bbox 1056 2340 1720 2522">
     <span class='ocr_line' id='line_1_46' title="bbox 1110 2340 1719 2375; baseline 0.002 -2"><span class='ocrx_word' id='word_1_308' title='bbox 1110 2341 1123 2359; x_wconf 71' lang='lat'><em>²</em></span> <span class='ocrx_word' id='word_1_309' title='bbox 1141 2340 1310 2374; x_wconf 81' lang='lat' dir='ltr'>“Obiisse</span> <span class='ocrx_word' id='word_1_310' title='bbox 1340 2341 1482 2374; x_wconf 85' lang='lat' dir='ltr'>traditur</span> <span class='ocrx_word' id='word_1_311' title='bbox 1521 2343 1572 2374; x_wconf 76' lang='lat' dir='ltr'>die</span> <span class='ocrx_word' id='word_1_312' title='bbox 1608 2347 1719 2375; x_wconf 79' lang='lat' dir='ltr'>sancto</span> 
     </span>
     <span class='ocr_line' id='line_1_47' title="bbox 1060 2386 1717 2430; baseline 0.002 -10"><span class='ocrx_word' id='word_1_313' title='bbox 1060 2387 1264 2430; x_wconf 74' lang='lat' dir='ltr'>Parasceves,</span> <span class='ocrx_word' id='word_1_314' title='bbox 1297 2398 1384 2420; x_wconf 87' lang='lat' dir='ltr'>anno</span> <span class='ocrx_word' id='word_1_315' title='bbox 1413 2389 1502 2420; x_wconf 76' lang='lat'>1182</span> <span class='ocrx_word' id='word_1_316' title='bbox 1532 2386 1583 2420; x_wconf 92' lang='lat' dir='ltr'>vel</span> <span class='ocrx_word' id='word_1_317' title='bbox 1619 2390 1717 2429; x_wconf 78' lang='grc'>1183,</span> 
     </span>
     <span class='ocr_line' id='line_1_48' title="bbox 1056 2432 1720 2477; baseline 0.003 -12"><span class='ocrx_word' id='word_1_318' title='bbox 1056 2444 1115 2477; x_wconf 87' lang='lat' dir='ltr'>pro</span> <span class='ocrx_word' id='word_1_319' title='bbox 1133 2433 1232 2466; x_wconf 79' lang='lat' dir='ltr'>variis</span> <span class='ocrx_word' id='word_1_320' title='bbox 1255 2433 1332 2466; x_wconf 82' lang='lat' dir='ltr'>anni</span> <span class='ocrx_word' id='word_1_321' title='bbox 1351 2432 1548 2466; x_wconf 82' lang='lat' dir='ltr'>exordiendi</span> <span class='ocrx_word' id='word_1_322' title='bbox 1573 2433 1720 2468; x_wconf 79' lang='lat' dir='ltr'>modis.⁷&#39;</span> 
     </span>
     <span class='ocr_line' id='line_1_49' title="bbox 1058 2479 1226 2522; baseline 0.006 -11"><span class='ocrx_word' id='word_1_323' title='bbox 1058 2479 1226 2522; x_wconf 88' lang='lat' dir='ltr'>Bouquet.</span> 
     </span>
    </p>

    <p class='ocr_par' dir='ltr' id='par_1_9' title="bbox 1057 2524 1719 2659">
     <span class='ocr_line' id='line_1_50' title="bbox 1103 2524 1718 2557; baseline 0.002 -1"><span class='ocrx_word' id='word_1_324' title='bbox 1103 2524 1116 2544; x_wconf 85' lang='lat'><strong>³</strong></span> <span class='ocrx_word' id='word_1_325' title='bbox 1142 2524 1197 2557; x_wconf 89' lang='lat' dir='ltr'>He</span> <span class='ocrx_word' id='word_1_326' title='bbox 1222 2535 1290 2557; x_wconf 84' lang='lat' dir='ltr'>was</span> <span class='ocrx_word' id='word_1_327' title='bbox 1319 2524 1399 2557; x_wconf 91' lang='lat' dir='ltr'>then</span> <span class='ocrx_word' id='word_1_328' title='bbox 1432 2529 1490 2556; x_wconf 88' lang='lat' dir='ltr'>not</span> <span class='ocrx_word' id='word_1_329' title='bbox 1519 2535 1611 2557; x_wconf 88' lang='lat' dir='ltr'>more</span> <span class='ocrx_word' id='word_1_330' title='bbox 1638 2525 1718 2557; x_wconf 82' lang='lat' dir='ltr'>than</span> 
     </span>
     <span class='ocr_line' id='line_1_51' title="bbox 1057 2569 1719 2614; baseline 0.003 -13"><span class='ocrx_word' id='word_1_331' title='bbox 1057 2575 1208 2614; x_wconf 82' lang='lat' dir='ltr'>twenty3</span> <span class='ocrx_word' id='word_1_332' title='bbox 1244 2570 1274 2602; x_wconf 84' lang='lat' dir='ltr'>if</span> <span class='ocrx_word' id='word_1_333' title='bbox 1297 2582 1347 2602; x_wconf 88' lang='lat' dir='ltr'>we</span> <span class='ocrx_word' id='word_1_334' title='bbox 1376 2570 1460 2602; x_wconf 82' lang='lat' dir='ltr'>refer</span> <span class='ocrx_word' id='word_1_335' title='bbox 1488 2569 1583 2602; x_wconf 85' lang='lat' dir='ltr'>these</span> <span class='ocrx_word' id='word_1_336' title='bbox 1612 2576 1719 2603; x_wconf 84' lang='lat' dir='ltr'>trans-</span> 
     </span>
     <span class='ocr_line' id='line_1_52' title="bbox 1057 2615 1659 2659; baseline 0.003 -12"><span class='ocrx_word' id='word_1_337' title='bbox 1057 2615 1197 2656; x_wconf 85' lang='lat' dir='ltr'>actions,</span> <span class='ocrx_word' id='word_1_338' title='bbox 1211 2616 1291 2648; x_wconf 87' lang='lat' dir='ltr'>with</span> <span class='ocrx_word' id='word_1_339' title='bbox 1309 2615 1488 2659; x_wconf 78' lang='lat' dir='ltr'>Rigordus,</span> <span class='ocrx_word' id='word_1_340' title='bbox 1506 2621 1540 2648; x_wconf 92' lang='lat' dir='ltr'>to</span> <span class='ocrx_word' id='word_1_341' title='bbox 1559 2617 1659 2650; x_wconf 71' lang='lat'>1184.</span> 
     </span>
    </p>

    <p class='ocr_par' dir='ltr' id='par_1_10' title="bbox 1057 2661 1722 2751">
     <span class='ocr_line' id='line_1_53' title="bbox 1103 2661 1722 2706; baseline 0.002 -14"><span class='ocrx_word' id='word_1_342' title='bbox 1103 2662 1115 2679; x_wconf 78' lang='lat'>⁴</span> <span class='ocrx_word' id='word_1_343' title='bbox 1142 2661 1224 2693; x_wconf 88' lang='lat' dir='ltr'>This</span> <span class='ocrx_word' id='word_1_344' title='bbox 1252 2661 1279 2694; x_wconf 90' lang='lat' dir='ltr'>is</span> <span class='ocrx_word' id='word_1_345' title='bbox 1304 2661 1488 2695; x_wconf 88' lang='lat' dir='ltr'>confirmed</span> <span class='ocrx_word' id='word_1_346' title='bbox 1516 2661 1561 2705; x_wconf 88' lang='lat' dir='ltr'>by</span> <span class='ocrx_word' id='word_1_347' title='bbox 1579 2661 1722 2706; x_wconf 81' lang='lat' dir='ltr'>Bromp-</span> 
     </span>
     <span class='ocr_line' id='line_1_54' title="bbox 1057 2709 1298 2751; baseline 0.008 -13"><span class='ocrx_word' id='word_1_348' title='bbox 1057 2713 1126 2749; x_wconf 73' lang='lat' dir='ltr'>ton,</span> <span class='ocrx_word' id='word_1_349' title='bbox 1144 2718 1177 2751; x_wconf 86' lang='lat' dir='ltr'>p.</span> <span class='ocrx_word' id='word_1_350' title='bbox 1199 2709 1298 2740; x_wconf 77' lang='lat'>1142.</span> 
     </span>
    </p>
   </div>
  </div>
 </body>
</html>
