1908 3135
497 199 560 230 DE
596 198 949 230 INSTRUCTIONE
986 199 1269 232 PRINCIPUM.
1498 193 1582 236 127

180 298 451 339 transibimus
474 296 693 338 volfihtate
726 296 825 342 Dei,
857 296 921 350 [et
950 295 1238 336 obtinebimus
1272 303 1403 337 terras
1424 306 1581 340 vostras

178 366 392 406 universas
422 365 675 406 fortitudine
708 363 840 418 Dei.¹]
905 363 1017 403 Nam
1048 364 1080 404 si
1112 364 1327 413 veniretis,
1361 379 1457 404 cum
1489 373 1580 406 toto

178 447 300 487 posse
320 439 461 473 vestro
482 432 674 482 venietis,
699 438 742 472 et
771 438 1002 486 praesentes
1031 430 1149 471 eritis
1180 446 1275 471 cum
1308 432 1423 471 omni
1452 442 1579 486 gente

178 507 327 550 vestra,
351 507 393 541 et
413 500 566 541 scimus
589 500 704 553 quod
730 500 774 539 in
797 507 908 540 terra
927 505 1063 539 vestra
1083 499 1227 538 nullus
1247 500 1484 540 remanebit
1505 502 1578 554 qui

177 582 219 608 se
242 567 469 608 defendere
489 567 637 621 possit,
659 581 736 606 nec
758 574 912 607 terram
933 566 1068 616 tueri3
1099 573 1141 606 et
1163 567 1331 619 quando
1354 567 1474 607 Deus
1496 568 1580 609 vic-

175 635 328 675 toriam
357 634 480 674 nobis
511 649 587 674 sua
606 633 860 674 fortitudine
882 633 933 673 de
954 633 1073 673 vobis
1097 633 1330 683 donaverit,
1353 635 1460 675 nihil
1491 651 1577 675 am-

176 701 289 755 plius
306 701 400 750 erit,
421 715 548 755 quam
564 707 614 741 ut
627 706 758 741 terras
770 708 927 741 vestras
946 700 1078 741 libere
1096 700 1310 754 capiamus
1325 701 1578 743 fortitudine

175 782 250 809 sua
291 775 334 808 et
371 767 603 809 voluntate.
676 767 896 808 Adunatio
934 767 1046 808 enim
1087 767 1193 822 legis
1241 767 1577 810 Christianorum

174 834 240 875 bis
260 835 377 876 venit
396 849 523 889 super
549 850 625 875 nos
645 835 690 875 in
712 834 944 889 Babylone,
966 849 1052 875 una
1070 834 1160 875 vice
1187 836 1300 889 apud
1321 835 1576 878 Damascum

173 908 217 943 et
245 902 376 943 altera
399 902 513 957 apud
534 901 854 952 Alexandriam,
878 909 921 942 et
949 909 1039 942 erat
1065 902 1276 943 maritima
1305 910 1429 944 terrae
1452 904 1576 945 Jeru-

174 970 302 1010 salem
341 970 387 1010 in
424 984 553 1010 manu
585 969 935 1018 Christianorum,
972 975 1016 1009 et
1063 969 1108 1009 in
1147 976 1257 1009 terra
1295 970 1492 1011 Damasci
1533 978 1576 1012 et

172 1037 216 1078 in
238 1044 349 1078 terra
380 1037 705 1077 Sarracenorum
727 1043 770 1076 et
792 1037 836 1076 in
867 1035 1043 1090 singulis
1064 1036 1245 1076 castellis
1275 1037 1432 1091 singuli
1454 1046 1575 1079 erant

121 1128 125 1131 ·
174 1104 334 1145 domini
361 1104 442 1145 sibi
469 1103 751 1158 proficientes.
814 1103 962 1144 Nostis
993 1103 1177 1157 qualiter
1199 1104 1427 1144 Christiani
1458 1113 1574 1146 utra-

173 1187 256 1225 que
277 1172 367 1212 vice
397 1171 629 1219 redierunt,
652 1176 696 1210 et
725 1170 778 1210 ad
800 1170 969 1223 qualem
1000 1170 1168 1210 exitum
1188 1179 1409 1222 venerunt,
1432 1179 1475 1212 et
1504 1173 1571 1213 hae

171 1247 329 1279 nostrae
363 1246 510 1292 gentes
541 1238 709 1278 refertae
743 1244 842 1277 sunt
864 1252 960 1277 cum
991 1237 1237 1291 regionibus
1267 1239 1367 1287 suis,
1390 1246 1433 1279 et
1454 1238 1573 1279 Deus

171 1306 373 1346 adunavit
415 1306 537 1346 nobis
580 1305 775 1359 regiones
827 1304 1085 1353 affluentius,
1128 1312 1172 1345 et
1211 1306 1464 1346 coadunavit
1503 1321 1573 1346 eas

169 1373 294 1426 longe
334 1373 505 1427 lateque
547 1373 591 1412 in
630 1378 841 1427 potestate
879 1378 1035 1422 nostra,
1074 1379 1118 1412 et
1155 1372 1434 1426 Babyloniam
1475 1388 1570 1414 cum

169 1440 453 1494 pertinentiis,
476 1447 519 1480 et
549 1447 703 1479 terram
735 1438 946 1487 Damasci,
966 1446 1010 1479 et
1039 1438 1292 1479 maritimam
1320 1440 1569 1489 Jerusalem,

170 1515 213 1547 et
240 1514 394 1547 terram
422 1507 602 1556 Gesirae,
626 1513 669 1546 et
697 1505 867 1546 castella
894 1521 984 1555 sua,
1008 1512 1051 1546 et
1072 1513 1227 1546 terram
1259 1507 1430 1548 Roasiae
1456 1508 1570 1562 [cuni

167 1575 451 1629 pertinentiis,
463 1581 506 1614 et
518 1574 733 1628 regionem
747 1572 921 1626 Indiael]
938 1588 1034 1613 cum
1048 1574 1317 1628 pertinentiis
1331 1575 1429 1625 suis,
1441 1584 1484 1616 et
1496 1590 1571 1629 per

167 1642 346 1696 gratiam
367 1642 451 1682 Dei
471 1641 552 1681 hoc
574 1649 712 1681 totum
743 1640 786 1680 in
813 1641 1008 1680 manibus
1029 1642 1183 1681 nostris
1204 1654 1268 1682 est
1290 1649 1334 1682 et
1353 1643 1571 1682 residuum

168 1724 348 1762 regnum
390 1708 716 1748 Sarracenorum
765 1714 910 1747 nostro
949 1715 1071 1761 paret
1108 1707 1300 1762 imperio.
1382 1709 1494 1749 Nam
1536 1711 1570 1749 si

167 1776 459 1816 mandaremus
487 1774 853 1816 excellentissimis
881 1774 1076 1828 Regibus
1109 1774 1449 1826 Sarracenorum,
1483 1791 1569 1817 non

166 1842 430 1883 retraherent
466 1857 509 1882 se
546 1858 570 1882 a
606 1841 744 1891 nobis,
779 1848 822 1881 et
862 1841 896 1881 si
937 1857 1298 1882 summoneremus
1333 1843 1569 1898 Calephum

167 1910 219 1949 de
250 1909 451 1958 Baldach,
476 1924 604 1963 quem
635 1909 755 1949 Deus
791 1909 936 1959 salvet,
956 1909 1152 1949 veniendi
1187 1909 1239 1949 ad
1274 1924 1350 1949 nos
1382 1910 1432 1950 de
1471 1911 1568 1951 sede

166 1976 323 2016 excelsi
338 1976 506 2030 imperii
523 1983 760 2030 assurgeret
777 1982 820 2016 et
832 1976 995 2016 veniret
1012 1976 1056 2016 in
1072 1976 1282 2017 auxilium
1300 1977 1567 2018 excellentiae

167 2050 338 2093 nostrae,
368 2050 412 2083 et
433 2059 509 2084 nos
531 2043 795 2084 obtinuimus
826 2058 903 2097 per
923 2043 1125 2083 virtutem
1154 2043 1237 2083 Dei
1261 2050 1304 2083 et
1334 2045 1568 2098 potentiam

166 2110 401 2150 Jerusalem
415 2118 458 2151 et
479 2118 633 2151 terram
647 2111 738 2165 ejus
758 2127 767 2160 ;
792 2118 835 2151 et
856 2117 1074 2151 remanent
1091 2109 1245 2163 [adhuc
1262 2111 1303 2150 in
1327 2112 1520 2151 manibus
1536 2112 1566 2166 ¹]

169 2177 505 2218 Christianorum
534 2185 619 2218 tres
641 2177 845 2227 civitates,
869 2178 1023 2231 Tyrus,
1048 2178 1233 2230 Tripolis
1259 2185 1302 2218 et
1324 2178 1568 2228 Antiochia,

166 2253 209 2287 et
243 2247 294 2286 de
333 2247 399 2286 his
435 2262 520 2286 non
561 2254 624 2287 est
659 2246 775 2286 aliud
815 2246 896 2285 nisi
936 2252 986 2284 ut
1026 2251 1300 2298 occupentur.
1363 2245 1569 2286 Attamen

166 2313 199 2353 si
216 2313 376 2353 bellum
391 2313 534 2362 vultis,
553 2320 596 2353 et
613 2313 647 2353 si
667 2313 786 2353 Deus
802 2312 997 2360 voluerit,
1012 2318 1062 2351 ut
1078 2326 1154 2366 por
1170 2312 1431 2351 voluntatem
1450 2327 1567 2352 suam

166 2381 220 2420 sit
251 2380 364 2433 quod
397 2386 527 2419 totam
554 2386 707 2419 terram
739 2379 1077 2419 Christianorum
1114 2378 1394 2431 acquiremuS,
1428 2380 1569 2419 obvia-

166 2447 305 2487 bimus
318 2461 394 2501 per
406 2446 608 2486 virtutem
624 2446 721 2495 Dei,
740 2445 850 2486 sicut
867 2445 1068 2498 scriptum
1085 2453 1147 2485 cst
1168 2446 1211 2484 in
1232 2445 1386 2486 littoris
1400 2446 1566 2486 nostris.

169 2515 329 2556 Verum
377 2515 411 2554 si
461 2529 536 2553 nos
575 2513 626 2553 de
674 2513 785 2553 bono
825 2513 939 2567 pacis
981 2512 1276 2565 requisieritis,
1315 2513 1568 2553 mandabitis

166 2581 510 2636 procuratoribus
548 2581 727 2620 istorum
765 2580 895 2620 trium
934 2579 1123 2619 locorum
1163 2579 1482 2634 praedictorum,
1521 2589 1568 2621 ut

166 2649 286 2689 nobis
333 2664 381 2688 ea
419 2648 508 2688 sine
540 2647 872 2687 contradictione
917 2647 1143 2700 assignent,
1187 2655 1229 2687 et
1268 2662 1344 2687 nos
1381 2656 1563 2687 sanctam

770 2735 775 2751 ¹
805 2734 882 2767 0111.
904 2734 977 2768 MS.
