1908 3135
472 238 535 268 DE
569 236 925 268 INSTRUCTIONE
961 237 1244 269 PRINCIPUM.
1497 231 1549 268 45

159 336 388 386 sinceritas,
411 350 500 385 nOS,
522 335 658 389 gratia
681 336 826 376 Sancti
849 336 1036 390 Spiritus
1050 345 1316 393 cooperante,
1331 338 1431 378 lieet
1451 353 1554 377 non-

158 405 266 445 nulli
288 419 394 458 quos
415 403 536 444 nobis
556 403 781 443 benevolos
802 410 844 444 et
864 403 1090 444 familiares
1112 420 1199 444 esse
1220 405 1490 458 speravimus,
1515 406 1554 444 in

158 471 236 512 hac
264 478 383 525 parte
417 469 649 524 plurimum
680 470 802 510 nobis
826 471 1114 520 adversantur,
1146 486 1292 525 pacem
1314 472 1477 512 firmam
1515 481 1556 512 et

159 537 464 586 honorabilem,
506 537 558 576 ad
597 537 865 577 securitatem
906 545 1092 578 nostram
1125 545 1168 578 et
1199 538 1429 579 liberorum
1462 554 1557 578 nos-

161 613 336 654 trorum,
360 618 457 645 cum
494 603 664 644 domino
699 604 820 657 Rege
862 604 1120 644 Francorum
1156 612 1199 645 et
1234 604 1399 645 Comite
1433 605 1558 644 Flan-

161 673 314 721 drensi,
337 679 465 725 atque
486 686 583 711 cum
611 671 704 711 aliis
733 671 976 712 adversariis
997 672 1151 711 nostris
1171 673 1221 712 de
1253 672 1445 726 partibus
1476 672 1558 711 illis·

161 739 331 780 omnino
366 738 417 778 ad
447 738 710 792 voluptatem
742 746 783 779 et
818 738 1138 792 dispositionem
1174 746 1359 779 nostram
1395 739 1557 785 fecisse,

161 821 302 860 quam,
344 806 453 846 sicut
506 805 628 845 nobis
673 815 714 846 et
752 805 1028 846 familiaribus
1069 807 1222 846 nostris
1262 806 1443 855 videtur,
1484 822 1558 859 per

162 874 409 914 immensam
429 872 695 913 elementiam
725 873 822 923 Dei,
846 873 897 912 ad
926 873 1128 913 honorem
1164 873 1296 913 nostri
1331 880 1373 913 et
1406 874 1560 913 securi-

163 946 294 982 tatem
326 955 470 980 sumus
503 940 708 989 assecuti3
731 940 789 980 ita
825 940 939 993 quod
971 955 1115 980 omnes
1137 940 1210 993 qui
1233 940 1418 980 dominio
1440 940 1561 993 regni

165 1009 423 1049 Francorum
463 1007 644 1061 subjecti
681 1014 792 1056 sunt,
838 1007 1050 1046 Dominus
1087 1014 1229 1047 noster
1277 1022 1351 1047 sua
1391 1007 1560 1046 misera-

164 1075 280 1115 tione
302 1074 423 1113 nobis
446 1088 522 1127 pro
543 1073 810 1127 beneplacito
832 1080 976 1112 nostro
994 1073 1303 1123 reconciliavit3
1327 1073 1560 1126 gloriaeque

110 1152 115 1155 '
164 1148 321 1181 nostrae
344 1148 387 1181 et
418 1140 666 1180 exaltationi
699 1155 745 1179 ac
766 1139 937 1179 honoris
968 1140 1101 1179 nostri
1138 1140 1398 1180 incremento
1430 1140 1562 1193 pluri-

165 1223 283 1248 mum
304 1206 471 1261 adjecit.
534 1206 606 1246 Ad
626 1206 719 1246 haec
741 1207 867 1246 etiam
890 1207 1150 1246 successibus
1170 1207 1325 1246 nostris
1346 1207 1562 1246 accessisse

166 1289 404 1329 cognoscas,
424 1288 499 1313 nos
530 1273 741 1313 dominam
775 1273 986 1326 Reginam
1023 1272 1245 1321 Franciae,¹
1279 1279 1322 1313 et
1344 1272 1562 1312 dominum

167 1343 424 1383 Remensem
475 1338 888 1395 A1·chiepiseopum‚2
943 1347 986 1380 et
1038 1339 1206 1379 Ducem
1263 1340 1561 1393 Bu1·gundiae‚³

166 1416 210 1450 et
227 1409 438 1450 Comitem
455 1407 763 1456 Theobaldum,
779 1414 822 1448 et
845 1407 1054 1447 Comitem
1072 1407 1123 1447 de
1140 1407 1284 1456 LatO,4
1305 1413 1348 1447 et
1363 1406 1564 1459 Regina]-

167 1478 270 1518 dum
291 1475 594 1516 Merunensem
614 1489 691 1529 pro
712 1474 932 1515 voluntate
952 1481 996 1514 et
1014 1473 1289 1527 dispositione
1320 1480 1461 1514 nostra
1475 1474 1490 1498 ⁵
1512 1473 1563 1513 ad

169 1550 362 1585 nostrum
398 1557 631 1595 eorumque
674 1541 862 1582 omnium
897 1541 1099 1580 honorem
1134 1547 1177 1580 et
1209 1540 1565 1588 commoditatem,

169 1611 339 1652 domino
380 1609 493 1664 Regi
533 1609 725 1650 Franciae
757 1616 800 1649 et
833 1608 991 1649 Comiti
1025 1606 1304 1649 Flandrensi6
1336 1614 1379 1648 et
1412 1607 1567 1647 Comiti

171 1678 420 1720 Hannensi⁷
460 1677 643 1717 feliciter
682 1675 986 1716 reconciliasse.
1048 1675 1230 1715 Noveris
1273 1675 1400 1715 etiam
1455 1674 1568 1727 quod

172 1754 258 1787 tam
291 1745 370 1785 filii
403 1759 530 1798 quam
563 1751 607 1783 et
637 1743 830 1783 homines
862 1742 994 1782 nostri
1019 1743 1071 1782 ad
1092 1742 1352 1782 voluntatem
1385 1749 1569 1781 nostram

173 1830 215 1855 se
247 1814 406 1853 habent
433 1810 634 1865 operibus
654 1809 812 1849 nostris
845 1809 1049 1849 universis
1071 1823 1147 1863 per
1168 1809 1345 1861 gratiam
1369 1809 1450 1848 Dei
1474 1822 1570 1861 pro-

172 1879 434 1921 cedentibus.
497 1876 628 1919 Quod
648 1883 789 1916 autem
827 1876 871 1915 in
902 1882 1045 1915 nostro
1077 1876 1219 1915 sedeat
1240 1875 1470 1929 proposito,
1495 1874 1568 1913 tibi

175 1962 303 2002 quam
337 1945 461 1986 citius
494 1943 728 1998 poterimus
760 1942 1104 1996 significabimus
1167 1942 1235 1982 Tu
1260 1942 1391 1995 igitur
1418 1941 1571 1980 nostris

175 2014 344 2056 interim
366 2013 476 2054 sicut
497 2011 547 2051 de
566 2017 608 2050 te
630 2010 880 2050 confidimus
901 2009 1085 2063 negotiis
1107 2024 1203 2049 cum
1221 2009 1334 2049 omni
1355 2008 1571 2061 diligentia

174 2080 394 2122 intendere
434 2093 518 2118 non
554 2092 699 2118 cesses.
763 2076 891 2116 Teste
923 2076 1133 2130 Magistro
1164 2076 1342 2116 Galtero
1379 2076 1430 2115 de
1464 2075 1572 2115 Con-

177 2148 343 2189 stantiis
365 2145 676 2187 Archidiacono
695 2143 988 2192 Oxenfordiae,
1009 2143 1122 2197 apud
1141 2142 1420 2183 Gisortium.”

224 2248 235 2268 ¹
261 2247 370 2289 Aliee,
405 2246 523 2287 Queen
557 2243 595 2275 of
624 2242 728 2275 Louis
756 2242 843 2274 VH.
910 2241 1035 2274 lection
1069 2241 1153 2273 have
1186 2240 1265 2272 thus
1299 2239 1470 2272 corrected
1506 2239 1572 2271 this

178 2294 246 2327 For
274 2292 332 2325 the
359 2302 460 2324 cause
490 2290 527 2322 of
552 2288 618 2321 this
649 2287 843 2320 contentiori
910 2298 1071 2330 passage:
1114 2288 1123 2304 ‘
1142 2286 1269 2318 Ducem
1307 2285 1507 2329 Burgundiaec
1543 2291 1572 2317 el

177 2340 331 2373 between
354 2337 413 2369 her
431 2335 496 2368 and
518 2334 578 2367 her
595 2345 683 2374 sons,
703 2344 759 2365 see
776 2332 844 2365 this
915 2332 1071 2366 Comitem
1086 2330 1315 2376 [Radulplmm
1329 2331 1576 2364 Clmwnonlcn-

179 2384 281 2426 work,
301 2384 390 2416 Dist.
410 2382 456 2415 iii.
476 2380 528 2414 ch.
549 2382 580 2412 2.
909 2389 980 2418 scm,
997 2377 1205 2421 Radulplzum
1220 2378 1257 2409 dc
1279 2375 1573 2421 C‹›cz']pr0v0l1111-

225 2431 238 2449 2
262 2429 432 2462 William.
573 2425 586 2446 3
613 2424 714 2468 Hugo
733 2423 802 2456 III.
911 2423 1015 2465 tate‚’'
1035 2423 1098 2456 ἃς.

227 2477 238 2495 ⁴¹
264 2473 483 2518 Radulphum
496 2471 537 2504 de
557 2469 664 2504 Coei?
957 2468 970 2488 ⁶
996 2468 1119 2514 Philip.
1260 2467 1272 2486 ⁷
1299 2466 1451 2500 Baldwin
1475 2466 1536 2499 lv.

226 2522 239 2540 ⁵
265 2520 338 2554 The
353 2519 489 2554 Editors
508 2517 546 2550 of
561 2515 748 2560 Bouquet's
764 2514 843 2547 Col-
