1908 3135
139 1338 247 1363 Saladin
260 1345 307 1369 op-

141 1380 245 1403 presses
258 1371 303 1396 the

139 1405 270 1436 kingdom
283 1403 312 1428 of

142 1438 156 1462 J
161 1438 292 1463 erusalcm
297 1455 302 1461 .

330 264 384 304 56
744 277 982 308 GIRALDUS
1017 277 1314 308 cAMBRENSIs

333 374 612 425 clementiam,
626 382 921 429 perpetuaque
934 374 1136 414 memoria
1154 381 1196 414 et
1209 373 1406 427 exemplo
1424 371 1725 426 dignissimam,

333 443 613 496 superborum
647 449 690 483 et
720 441 964 482 sublimium
997 441 1112 482 collis
1144 441 1247 481 mira
1278 440 1435 481 virtute
1467 438 1647 487 calcatis,
1685 445 1729 478 et

334 509 528 549 hostibus
548 509 707 562 ubique
730 508 1016 562 triumphatis,
1039 508 1083 547 in
1104 507 1246 561 Reges
1279 514 1321 548 et
1343 506 1562 560 Principes
1583 506 1729 553 victos,

337 576 438 616 Rex
451 583 493 617 et
508 576 639 616 victor
653 575 906 623 exercueris,
925 581 968 614 et
982 589 1078 615 vere
1093 574 1194 614 Rex
1213 575 1359 623 victor,
1374 574 1563 613 animum
1575 572 1732 612 virtute

338 658 502 696 regens,
523 643 713 696 iramque
734 642 941 682 modestia
960 641 1143 682 vincens.
1184 641 1302 682 Illud
1324 655 1495 694 quoque
1516 638 1733 679 heroicum

338 709 580 750 memoriter
610 708 798 749 recolens
816 725 825 750 ι
860 712 870 730 ‘
888 708 1025 750 Vince
1057 708 1232 757 animos,
1270 708 1462 761 iramque
1496 714 1626 754 tuam,
1660 705 1734 759 qui

341 783 495 817 caetera
515 775 674 816 vincis.’
732 775 793 815 Et
812 775 919 816 illud
940 774 1081 815 nobile
1104 774 1197 815 Caii
1220 774 1397 815 Caesaris
1419 772 1635 826 eulogium
1651 772 1736 811 alta

341 849 483 883 mente
514 842 756 883 revolvens:
793 845 803 863 ⁶
824 842 1016 882 Perierat
1049 848 1165 882 totus
1186 841 1297 881 orbis
1318 841 1398 880 nisi
1429 841 1561 881 iram1
1592 839 1737 880 finiret

343 909 654 950 misericordia.’
714 909 774 949 Et
795 914 935 949 cetera
956 908 1081 948 laude
1100 908 1386 961 dignissima.”

901 1044 1006 1085 CAP.
1032 1043 1195 1084 XXII.

348 1146 415 1185 De
450 1159 572 1198 reyno
610 1145 987 1198 Hierosolymitano
1012 1159 1094 1198 per
1120 1143 1314 1184 saladini
1342 1143 1568 1197 potentiam
1595 1143 1742 1182 iterum

706 1216 843 1251 artato
853 1212 945 1265 jam
968 1212 1088 1251 nimis
1109 1216 1148 1251 et
1168 1225 1371 1264 oppresso.
1386 1211 1401 1233 2

412 1310 484 1351 UT
505 1317 648 1350 autem
668 1310 720 1350 ad
739 1310 926 1350 historiae
946 1309 1094 1349 seriem
1113 1308 1345 1357 redeamus,
1365 1316 1407 1348 et
1427 1308 1479 1347 ad
1499 1307 1746 1347 orientalem

356 1378 582 1418 Palestinae
622 1377 838 1430 regionem
877 1376 1091 1430 paulisper
1129 1375 1285 1429 stylum
1320 1383 1543 1416 vertamus.
1630 1375 1747 1415 Dum

355 1445 447 1485 haee
481 1445 525 1484 in
561 1444 789 1484 occidentis
824 1444 1015 1498 partibus
1054 1450 1272 1496 geruntur,
1294 1457 1471 1495 regnum
1502 1442 1750 1496 Hierosoly-

356 1512 563 1553 mitanum
592 1518 634 1551 et
656 1510 862 1551 Crucifixi
891 1510 1189 1564 patrimonium
1220 1525 1293 1564 per
1326 1509 1487 1549 Saldini
1519 1509 1749 1564 cujusdam,

356 1579 435 1620 viri
455 1578 596 1632 magni
616 1578 660 1617 in
680 1585 806 1631 gente
828 1593 902 1617 sua
923 1584 964 1617 et
990 1577 1214 1630 magnifici,
1237 1577 1361 1617 nimis
1391 1577 1572 1630 amplam
1602 1583 1753 1630 poten-

358 1647 474 1695 tiam,
504 1646 578 1699 qui
610 1645 817 1685 Damasco
849 1644 1140 1698 Babyloniam,
1168 1643 1487 1692 Alexandriam,
1516 1658 1679 1683 necnon
1711 1650 1754 1682 et

360 1714 582 1766 Egyptum
603 1719 734 1752 totam
756 1712 970 1765 adjiciens,
991 1712 1288 1765 bellicosisque
1311 1711 1566 1751 Parthorum
1585 1710 1754 1764 populis

360 1787 555 1834 potenter
575 1779 798 1832 imperans,
816 1794 944 1833 regna
960 1779 1270 1832 quamplurima
1287 1794 1374 1819 suae
1392 1778 1541 1818 ditioni
1560 1778 1755 1831 largitate

363 1847 492 1899 magis
514 1853 557 1886 et
578 1845 841 1886 animositate
865 1861 990 1900 quani
1011 1846 1265 1886 hereditaria
1288 1846 1546 1899 proprietate
1569 1845 1756 1899 subjece-

363 1923 440 1963 rat,
462 1913 594 1953 nobili
617 1913 667 1952 de
688 1912 980 1953 Vado-Jacobi
1002 1913 1172 1953 castello
1193 1928 1289 1953 cum
1320 1913 1411 1952 aliis
1433 1912 1685 1966 quibusdam
1713 1911 1756 1950 in

365 1980 546 2020 marchia
568 1979 789 2027 subversis,
811 1987 967 2033 praeter
997 1979 1168 2019 solitum
1196 1979 1322 2019 artari
1343 1979 1473 2032 coepit
1495 1986 1537 2018 et
1557 1978 1762 2027 enervari,-

367 2054 410 2086 ct
430 2047 539 2086 infra
559 2046 758 2099 pristinos
789 2046 910 2099 regni
930 2046 1034 2085 fines
1065 2046 1188 2098 longe
1210 2046 1453 2100 substringi.
1516 2045 1762 2085 Accesserat

368 2114 420 2154 ad
440 2113 531 2153 haee
552 2112 815 2152 incommoda
834 2112 932 2165 quia
950 2112 1119 2165 Regum
1139 2113 1331 2166 prosapia
1348 2127 1423 2166 per
1439 2112 1760 2152 invalitudinem

368 2180 571 2221 heredum
617 2185 660 2219 et
712 2177 1013 2228 infirmitatem,
1070 2193 1197 2218 sexus
1251 2193 1421 2232 quoque
1473 2178 1762 2231 fragilitatem,

372 2253 571 2286 evacuata
608 2260 739 2299 prope
780 2245 950 2299 penitus
989 2245 1128 2285 fuerat
1163 2252 1206 2285 et
1246 2245 1476 2295 exinanita,
1517 2260 1678 2286 necnon
1721 2255 1764 2287 ct

374 2312 579 2353 discordia
615 2312 725 2352 inter
760 2313 937 2366 majores
969 2319 1146 2360 nostrOS,
1181 2311 1347 2365 Regem
1378 2327 1432 2352 sc.
1450 2312 1679 2353 Widonem
1722 2320 1765 2353 et

376 2379 584 2419 Comitem
602 2379 915 2433 Tripolitanum
929 2382 944 2403 ³
961 2379 1035 2432 qui
1053 2379 1105 2418 ad
1125 2393 1300 2431 regnum
1317 2379 1570 2433 adspirabat,
1584 2379 1767 2433 peccatis

374 2446 639 2499 urgentibus,
662 2446 981 2500 implacabiliter
1001 2453 1162 2487 exorta.
1226 2446 1347 2486 Sicut
1367 2461 1423 2486 ex
1443 2446 1595 2487 litteris
1616 2446 1767 2486 summi

424 2528 432 2545 ¹
462 2527 555 2571 Eam,
575 2528 650 2563 MS.
1071 2567 1072 2571 Ἰ
1151 2528 1164 2546 ³
1186 2527 1376 2572 Raymond.
1426 2528 1488 2560 See
1506 2528 1642 2562 Robert.
1662 2529 1769 2561 Altis-

425 2573 437 2590 2
462 2574 528 2607 For
545 2585 564 2606 a
581 2573 680 2606 fullcr
703 2574 868 2606 narrative
886 2574 923 2606 of
946 2573 1040 2606 thcsc
1105 2573 1190 2607 siod.
1209 2574 1242 2605 in
1262 2574 1427 2617 Bouquet,
1447 2573 1540 2607 xviii.
1555 2576 1634 2607 253.
1658 2575 1770 2618 “Ipse

379 2625 505 2660 events,
524 2630 579 2650 sec
605 2619 725 2651 Diccto
751 2619 783 2650 in
810 2618 987 2662 Twysdm,
1007 2631 1038 2662 1».
1071 2594 1074 2641 l
1107 2619 1229 2651 Comes
1245 2619 1329 2663 Regi
1346 2619 1768 2663 Icrosolimorumrognum

381 2667 443 2697 (321
465 2677 473 2704 ;
500 2664 609 2708 Ralph
629 2663 894 2708 Coggeshale,in
915 2664 1038 2697 Clu-on.
1106 2665 1277 2698 invidebat
1304 2672 1337 2698 et
1364 2665 1578 2709 conjugem.'’
1629 2666 1769 2700 Gcrvas.

381 2722 413 2754 p.
448 2712 500 2751 60,
530 2710 582 2742 cd.
615 2710 794 2754 Bouquct;
821 2709 886 2742 and
920 2710 953 2742 in
987 2709 1039 2742 his
1105 2713 1257 2754 p.1501.

383 2755 572 2788 Chronicon
620 2756 731 2788 Terrae
774 2756 914 2795 Sanctae,
950 2756 1038 2799 apud
1072 2784 1074 2794 ,

381 2801 545 2844 Mra-tenc,
566 2801 710 2846 Amplis.
732 2800 817 2834 Coll.
839 2813 867 2833 v.
887 2804 965 2834 563.
