1908 3135
352 274 408 320 74
614 295 618 300 »
778 282 1018 316 GIRALDUS
1051 280 1350 314 CAMBRENSIS

354 384 653 440 reputavimus.
714 382 767 423 In
815 381 962 437 primis
1012 381 1158 435 itaque
1209 380 1477 420 detentorum
1528 375 1755 430 Anglicani

353 453 472 507 regni
490 458 634 492 contra
652 450 889 504 legitimum
909 449 1124 489 haeredem
1146 446 1396 496 Henricum,
1420 444 1597 486 Henrici
1619 443 1754 497 Regis

356 535 413 561 ex
441 520 529 560 filia
558 517 771 558 Matillide
801 523 1015 571 nepotem,
1047 515 1290 569 inopinatus
1319 512 1473 553 accidit
1503 525 1688 560 occasus,
1711 517 1754 551 et

356 587 493 642 primo
528 592 615 626 tam
648 583 794 625 militis
823 583 998 637 insignis
1034 581 1257 623 Eustachii
1287 580 1492 635 Stephani
1513 578 1647 632 Regis
1676 577 1755 617 filii

359 660 403 694 et
422 652 568 707 generi
600 651 684 693 sive
707 650 965 691 Francorum
1002 648 1149 689 sororii
1186 648 1319 702 Regis
1353 645 1583 695 Lodowici,
1623 658 1753 698 quam

357 719 503 761 matris
542 719 731 775 ejusdem
770 717 951 771 Reginae
986 715 1213 757 Matillidis
1251 721 1295 756 et
1343 713 1581 755 Comitissae
1626 711 1756 752 Bolo-

360 786 517 828 niensis
548 785 690 827 subita
723 784 768 824 in
798 784 884 824 fata
918 782 1143 824 concessio.
1204 781 1372 822 Deinde
1397 779 1603 834 Stephani
1623 777 1757 831 Regis

362 853 534 908 Angliae
556 859 598 892 et
627 850 805 892 Henrici
826 850 961 890 Ducis
994 847 1271 889 Normanniae
1307 861 1477 887 concors
1497 846 1549 886 ad
1579 845 1759 885 invicem

360 921 471 962 facta
484 926 547 960 est
562 918 744 972 adoptio.
776 916 963 957 Gloriosi
977 915 1118 956 statim
1132 915 1266 955 Ducis
1278 914 1323 954 in
1337 914 1501 967 Regem
1515 912 1758 952 sublimatio

363 993 407 1027 et
447 984 625 1026 Henrici
659 983 832 1025 secundi
871 982 1099 1023 coronatio.
1160 980 1331 1021 Nobilis
1366 980 1493 1020 castri
1527 978 1759 1032 Burgensis

360 1069 488 1109 supra
517 1053 745 1094 Sabrinum
765 1051 943 1092 fluvium
974 1049 1163 1100 obsidi03
1197 1055 1240 1089 et
1260 1048 1407 1088 militis
1427 1047 1586 1101 egregii
1607 1047 1760 1099 Hugo-

359 1122 425 1162 nis
457 1121 508 1161 de
543 1118 861 1167 Mortuo-mari,
900 1116 1081 1158 terribili
1108 1115 1270 1156 cunctis
1306 1115 1518 1169 exemplo,
1552 1114 1605 1154 ad
1640 1114 1756 1154 dedi-

362 1189 521 1229 tionem
553 1186 800 1241 compulsio,
864 1183 984 1226 Quid
1014 1182 1175 1237 plura?
1205 1181 1257 1222 ad
1287 1196 1434 1236 aspera
1456 1181 1760 1235 complananda

363 1263 406 1297 et
426 1255 551 1297 fortia
571 1252 881 1301 confundenda,
902 1249 1116 1305 prosperis
1136 1248 1298 1302 ubique
1322 1248 1487 1289 casibus
1514 1248 1625 1288 sicut
1643 1248 1763 1301 regni

363 1324 647 1370 detentorum,
669 1320 727 1361 sic
759 1319 899 1360 subita
919 1317 1032 1372 pacis
1053 1316 1243 1370 ejusdem
1264 1315 1533 1355 turbatorum
1553 1314 1757 1364 omnium,

364 1399 406 1432 et
454 1398 539 1431 tam
578 1389 756 1430 fratrum
795 1386 947 1441 primo,
997 1399 1124 1439 quam
1160 1389 1308 1438 postea
1347 1397 1519 1436 quoque
1558 1383 1758 1432 filiorum,

365 1458 537 1499 eversio.
599 1456 731 1511 Apud
759 1452 1049 1495 Venodociam
1083 1450 1235 1491 bellica
1266 1450 1310 1490 in
1343 1450 1554 1490 incertum
1585 1449 1759 1490 ludente

364 1525 548 1574 fortuna,
571 1538 655 1563 non
686 1522 845 1575 absque
875 1518 1059 1559 militum
1091 1517 1323 1558 multorum
1356 1516 1401 1556 in
1433 1523 1546 1557 arcto
1568 1516 1761 1570 sylvestri

361 1593 490 1647 juxta
547 1588 833 1643 Colleshylle,¹
886 1586 914 1627 i.
966 1601 1002 1627 e.
1053 1583 1257 1624 Carbonis
1313 1583 1476 1633 collem,
1530 1582 1763 1638 dispendio,

367 1657 568 1712 principis
616 1655 752 1696 Oenei
794 1652 997 1694 subactio.
1081 1651 1351 1704 Quamquam
1404 1650 1569 1691 inutilis
1620 1666 1765 1705 sump-

368 1732 490 1766 tuosa
522 1731 662 1764 tamen
700 1729 743 1762 et
775 1720 930 1762 nobilis
970 1719 1084 1774 apud
1117 1718 1317 1759 Tolosam
1354 1717 1585 1772 expeditio.
1646 1718 1765 1758 Inter

369 1791 630 1833 Lodovicum
670 1790 928 1830 Francorum
964 1787 1128 1839 Regem
1167 1792 1211 1826 et
1243 1784 1480 1825 Henricum
1518 1784 1762 1839 Anglorum

370 1859 626 1913 Principem,
647 1856 759 1897 varia
792 1854 1014 1907 utriusque
1045 1852 1177 1907 partis
1213 1852 1531 1901 deliberatione,
1564 1851 1763 1906 frequens

367 1927 509 1967 bellici
526 1923 764 1966 certaminis
778 1921 1009 1963 altercatio.
1071 1920 1125 1960 In
1138 1918 1350 1960 Australis
1367 1918 1577 1960 Cambriae
1591 1919 1762 1969 finibus,

371 1993 611 2047 Anglorum
643 1991 764 2044 Rege
797 1995 985 2038 tonante,
1018 1987 1261 2028 interventu
1294 1986 1430 2027 Oenei
1473 1987 1667 2027 avunculi
1700 1987 1765 2027 sui

371 2060 485 2114 apud
524 2057 769 2106 Pencadeir,
801 2056 829 2096 i.
871 2071 907 2096 e.
943 2054 1165 2095 Cathedrae
1201 2060 1343 2107 caput,
1388 2053 1596 2108 Principis
1636 2053 1766 2093 Rhesi

373 2126 546 2167 deditio.
606 2124 739 2178 Apud
762 2122 1071 2163 Clarendunam
1095 2120 1421 2160 Cantuariorum
1438 2119 1766 2174 Archipraesulis

375 2194 551 2233 Thomae
602 2198 645 2232 et
693 2190 1049 2243 suffraganeorum
1099 2187 1351 2236 antistitum,
1394 2187 1764 2236 consuetudinum,

378 2261 499 2315 [quas
550 2257 698 2311 avitas]
749 2263 912 2305 vocant,
956 2256 1209 2296 verbotenus
1263 2261 1306 2294 et
1357 2254 1512 2307 scripto
1559 2253 1763 2306 [quoque,

375 2336 423 2369 ut
454 2328 602 2375 fertur,
632 2323 817 2377 videtur]
850 2338 934 2363 non
971 2328 1199 2376 spontanea
1234 2320 1307 2360 sed
1339 2327 1507 2360 extorta
1540 2321 1763 2361 concessio.

375 2395 498 2435 Tunc
537 2391 761 2446 impletum
795 2396 858 2430 est
892 2389 999 2429 illud
1033 2387 1204 2428 Merlini
1250 2387 1461 2428 Silvestris
1491 2386 1764 2427 vaticinium:

376 2465 460 2501 “et
493 2460 650 2513 linguae
673 2458 911 2498 Taurorum
947 2454 1284 2495 abscindentur.⁷'
1345 2453 1477 2508 Apud
1508 2453 1767 2507 Northamp-

375 2536 450 2568 ton
483 2528 529 2567 in
559 2532 722 2580 patrem
753 2524 884 2564 crucis
906 2522 1110 2576 bajulum,
1143 2528 1187 2561 et
1216 2520 1423 2561 Crucifixi
1448 2521 1546 2575 jura
1575 2526 1766 2560 tuentem

375 2594 578 2647 injuriosa
608 2592 735 2632 curiae
757 2590 890 2631 totius
920 2587 1221 2638 conclamati03
1256 2595 1298 2628 et
1327 2588 1472 2629 eadem
1504 2594 1627 2628 nocte
1656 2589 1770 2627 clan-

377 2661 538 2702 destina
577 2658 766 2713 ejusdem
803 2657 848 2696 in
885 2656 1063 2696 exilium
1101 2655 1308 2696 discessio.
1370 2655 1611 2709 Reginaldi,
1645 2654 1770 2694 Colo-

376 2727 532 2768 niensis
553 2723 873 2779 Archiepiscopi
905 2729 948 2762 ct
970 2721 1240 2775 Imperatoris
1263 2721 1523 2771 Cancellarii,
1545 2723 1597 2762 ab
1627 2721 1769 2776 Impe—

909 2810 917 2828 ¹
945 2808 1143 2850 Roleslzalle,
1164 2809 1239 2842 MS.
