1908 3135
515 196 577 227 DE
612 195 963 229 INSTRUC'rloNE
999 198 1285 231 PRINCIPUM.
1514 194 1593 233 133

202 294 398 334 fiduciam
433 296 628 345 ostendit,
664 304 707 336 et
743 296 893 337 erectis
928 298 981 337 ad
1012 297 1163 338 caelum
1196 298 1390 338 manibus
1428 299 1470 338 in
1502 315 1600 339 con-

203 370 350 416 spectu
382 365 569 405 omnium
601 373 740 419 grates
774 366 861 419 agit
889 366 982 406 Deo
1016 367 1130 420 quod
1160 366 1412 406 inevitabilis
1445 381 1600 420 pugnae

197 430 286 483 jain
316 431 445 472 instet
475 433 712 482 necessitas,
740 448 867 487 quam
892 434 993 487 fuga
1020 433 1207 473 hostium
1234 433 1316 472 hue
1348 447 1484 486 usque
1515 449 1603 474 sus-

202 498 363 550 pendit.
444 498 537 539 Hac
576 515 676 540 voce
714 501 863 554 ingens
903 501 1025 540 ardor
1067 500 1229 541 cunctis
1269 500 1490 549 incutitur,
1531 501 1603 554 qui

202 565 352 605 faciem
375 566 552 607 Caesaris
573 569 906 622 contemplantes
927 568 1187 608 laetissimam
1208 582 1231 606 a
1252 582 1349 606 sene
1366 568 1557 620 juvenes,
1581 583 1604 607 a

202 632 341 685 fragili
375 633 520 682 fortes,
554 635 605 674 ab
638 649 723 674 11110
755 635 953 683 universi,
983 635 1152 675 virtutis
1189 634 1428 688 suscipiunt
1462 634 1605 674 incen-

202 699 349 739 tivum.
413 699 523 741 Quis
556 700 676 741 Deus
715 716 892 755 magnus
932 702 1043 742 sicut
1078 702 1198 742 Deus
1239 703 1408 742 noster!
1454 701 1602 741 Omnis

199 766 272 806 illa
301 767 533 808 multitudo
559 776 644 808 tam
677 777 791 809 certa
811 770 1018 819 vincendi,
1046 778 1093 810 ut
1113 769 1281 811 vincula
1311 768 1454 822 potius
1477 783 1603 822 quani

202 850 321 875 enses
342 836 581 889 stringeret,
602 836 645 876 in
674 846 889 878 momento
918 839 1170 887 succumbit,
1194 837 1404 889 simulque
1431 845 1474 877 et
1504 837 1602 876 urbs

201 900 273 941 illa
293 910 415 956 capta
442 910 611 943 tenetur
632 911 675 944 et
696 905 884 945 exterior
916 905 1048 946 hostis
1078 905 1376 959 prosternitur.
1441 904 1602 944 Utrim-

202 984 285 1022 que
306 977 478 1023 strages,
503 971 664 1025 ubique
684 972 835 1021 caedes,
858 973 1047 1027 undique
1072 973 1253 1013 telorum
1275 972 1408 1012 acervi
1421 989 1430 1021 3
1457 972 1602 1025 fugam

201 1036 384 1077 densitas
406 1037 606 1091 impedit3
634 1040 925 1090 numerositas,
948 1041 1061 1080 unde
1081 1039 1386 1093 gloriabantur,
1410 1040 1599 1079 offendit.

200 1103 296 1143 Jaln
334 1119 465 1159 prope
510 1120 574 1145 res
614 1107 767 1160 agitur,
805 1116 990 1148 certatur
1030 1108 1234 1156 cominus,
1275 1107 1602 1160 confringuntur

200 1185 333 1220 arcus,
375 1172 542 1226 sagittae
591 1189 675 1214 non
716 1175 897 1224 evolant,
937 1176 1011 1215 vix
1061 1176 1177 1215 locus
1217 1182 1280 1214 est
1326 1174 1501 1227 gladiis3
1545 1175 1602 1215 sic

200 1238 340 1278 omnia
372 1240 515 1279 turbat
537 1241 674 1290 turba,
696 1243 936 1296 nostrisque
974 1243 1166 1296 procedit
1196 1242 1241 1281 in
1275 1242 1464 1294 gloriam,
1489 1243 1602 1295 quod

199 1304 340 1345 hostes
362 1305 658 1360 disposuerant
677 1309 729 1348 ad
750 1309 930 1350 ruinam.
993 1309 1027 1350 F
1032 1325 1146 1363 ugax
1166 1309 1343 1357 bellum,
1368 1309 1483 1361 quod
1507 1309 1604 1349 hac-

202 1380 324 1413 tenus
355 1373 466 1414 inter
493 1390 639 1429 vepres
668 1383 711 1416 et
739 1377 912 1431 rupium
944 1377 1087 1417 fauces
1120 1377 1315 1425 haeserat,
1342 1377 1431 1430 jani
1466 1377 1602 1430 spatio

197 1440 394 1481 liberiore
412 1443 660 1484 conseritur.
725 1444 990 1485 Christicolae
1013 1445 1116 1485 iram
1139 1445 1307 1492 satiant,
1326 1459 1425 1497 quae
1449 1445 1604 1484 totiens

198 1507 356 1548 frustra
387 1518 615 1551 exarserat.
680 1511 809 1552 Turci
838 1513 1123 1566 experiuntur
1155 1511 1276 1551 inviti
1308 1511 1412 1564 quid
1442 1511 1605 1564 possint

198 1575 402 1625 cominus,
453 1592 559 1630 quos
610 1579 775 1618 eminus
830 1580 1127 1633 provocabant.
1215 1578 1340 1618 Hanc
1396 1578 1603 1631 insignem

198 1642 431 1692 victoriam,
465 1644 662 1685 fidelibus
703 1646 790 1686 suis
830 1661 914 1686 non
955 1646 1126 1700 indigne
1160 1646 1292 1686 virtus
1333 1644 1473 1684 divina
1505 1661 1603 1685 con-

201 1709 366 1750 tribuit.
428 1711 535 1751 Erat
558 1712 669 1751 enim
702 1713 745 1752 in
768 1714 912 1753 castris
934 1713 1117 1761 castitas,
1140 1713 1183 1752 in
1211 1713 1335 1752 armis
1367 1712 1601 1765 disciplina,

200 1775 244 1815 in
280 1777 476 1817 omnibus
507 1785 550 1818 et
581 1794 671 1833 prae
706 1780 902 1820 omnibus
932 1780 1058 1820 timor
1087 1779 1277 1828 Domini,
1311 1779 1424 1833 apud
1459 1794 1603 1819 omnes

199 1858 314 1883 amor
346 1844 545 1897 proximi,
567 1846 642 1899 qui
675 1846 733 1886 sic
755 1853 873 1887 erant
902 1847 1123 1887 affectione
1152 1846 1339 1886 fraterna
1369 1846 1600 1895 unanimes,

201 1910 313 1950 sicut
334 1911 620 1964 periculorum
642 1913 846 1954 exstitere
866 1922 1093 1954 consortes.

259 1976 482 2027 soldanus,
512 1980 616 2020 urbe
646 1988 782 2034 capta,
815 1996 911 2021 011111
942 1982 1109 2021 unicam
1140 1981 1423 2022 munitionem
1453 1996 1538 2034 quo
1563 1997 1605 2020 se

199 2045 437 2085 contulerat
466 2054 622 2087 restare
655 2055 859 2098 cerneret,
895 2049 1073 2088 festinus
1106 2049 1158 2088 ad
1192 2048 1401 2088 Caesarem
1434 2047 1606 2088 nuntios

201 2112 359 2165 dirigit,
397 2112 563 2166 culpam
597 2130 767 2155 omnem
805 2115 1038 2156 refundens
1077 2116 1121 2155 in
1162 2116 1312 2164 filium,
1352 2130 1395 2154 se
1437 2130 1607 2168 prorsus

199 2179 432 2219 innocuum
453 2195 654 2230 asserens,
677 2197 828 2222 aurum
852 2190 1061 2236 quantum
1082 2183 1193 2237 petit
1214 2183 1447 2236 pollicitur,
1471 2182 1607 2222 foede-

199 2246 254 2285 ris
281 2246 446 2285 obsides
478 2257 584 2299 quot
604 2255 648 2288 et
669 2264 776 2302 quos
805 2250 956 2302 jubeat
983 2250 1269 2303 praestiturus.
1333 2249 1488 2297 Caesar,
1520 2249 1605 2288 heu

200 2313 378 2353 nimium
409 2314 570 2354 facilis!
606 2315 722 2368 quod
753 2316 944 2364 offertur,
979 2316 1166 2369 suscipit,
1200 2316 1316 2369 quod
1349 2315 1603 2369 postulatur,

198 2381 407 2433 indulget,
449 2382 589 2422 minus
627 2383 800 2435 quidem
853 2383 896 2423 in
949 2384 1027 2424 hoc
1068 2384 1180 2423 facto
1220 2383 1469 2431 laudandus,
1503 2383 1603 2423 dum

199 2448 333 2487 virum
364 2449 618 2502 sanguinum
650 2457 693 2489 et
717 2451 911 2490 dolosum
944 2466 1052 2504 pene
1076 2459 1247 2504 captum
1281 2450 1474 2498 absolvit,
1499 2465 1604 2503 quo-

198 2514 310 2554 niam
360 2515 579 2556 honestius
620 2524 709 2557 erat
758 2517 948 2571 perdere,
990 2533 1117 2571 quain
1163 2524 1331 2558 tantum
1373 2517 1600 2557 Christiani

197 2582 380 2623 nominis
427 2583 589 2624 hostem
640 2584 823 2625 illaesum
873 2600 1051 2625 servare.
1134 2585 1259 2625 Datis
1301 2585 1517 2625 obsidibus
1558 2594 1599 2624 et

196 2648 370 2690 foederis
391 2650 583 2704 pactione
606 2651 783 2701 firmata,
804 2653 985 2693 necdum
1016 2653 1187 2705 maligni
1210 2652 1436 2707 proditoris
1459 2652 1597 2705 quies—

195 2715 252 2755 cit
297 2716 519 2772 iinpietas3
562 2733 657 2758 nain
702 2718 973 2760 Christicolas
1012 2735 1108 2760 Cum
1152 2721 1239 2773 jam
1292 2720 1493 2760 remotius
1543 2721 1594 2759 ab
