1908 3135
495 219 558 250 DE
593 217 943 249 INSTRUCTIONE
980 217 1259 249 rmNchM.
1486 209 1565 251 117

169 320 325 360 finibus
358 320 467 360 inter
499 318 664 372 Regem
697 324 739 357 et
775 317 984 357 Comitem
1019 316 1322 365 Pictavcnscm,
1357 331 1440 356 11011
1473 332 1569 371 pro-

169 388 316 427 futuro
360 387 500 427 labore
532 384 750 439 (quoniam
796 391 839 425 et
873 384 1002 424 curiae
1040 383 1212 437 sequela
1250 390 1352 423 tunc
1387 383 1567 436 fueram)

169 454 328 508 pluries
358 453 539 508 profecti
565 452 739 492 fuimus.
804 451 925 492 Sicut
947 451 1058 491 enim
1083 451 1133 490 de
1167 449 1423 490 senacherib
1446 449 1566 503 Rege

169 520 441 575 Assyriorum
461 519 617 573 legitur
638 519 680 558 in
700 519 809 558 libro
826 518 1011 571 Regum,
1031 517 1146 570 quod
1166 532 1190 556 a
1210 523 1346 570 strage
1366 529 1564 557 CLXXXV.

169 588 349 628 millium
388 588 431 627 in
464 586 681 626 obsidione
713 585 961 633 Jerusalem,
998 583 1147 637 angelo
1187 583 1465 637 percutiente,
1505 592 1568 623 cst

168 655 384 703 liberatus,
425 659 468 692 et
515 658 689 706 propter
727 651 963 705 nequitiam
1012 650 1236 705 patricidio
1280 650 1464 691 filiorum
1506 659 1568 690 est

169 727 415 770 reservatus,
436 719 550 759 haud
573 718 832 759 dissimiliter
853 718 1033 772 contigit
1052 717 1136 758 isti.

734 853 840 894 CAP.
874 852 1006 894 XIV.

180 963 288 1002 l'isio
324 961 449 1002 nobili
486 961 573 1000 viro
616 958 823 1013 [Ricardo
858 958 928 1008 de]
960 958 1184 998 Ridaariis
1223 964 1397 1008 ostensa,
1435 965 1473 998 et
1519 960 1567 998 de

486 1029 602 1081 Reye
623 1026 808 1066 Henrico
837 1026 880 1065 in
902 1026 1013 1064 brevi
1034 1025 1250 1078 completa.

227 1130 423 1169 ACC1D1T
451 1133 593 1166 autem
621 1140 670 1165 ea
700 1132 967 1179 tempestate,
1001 1125 1203 1178 temporis
1230 1125 1480 1179 intemperie
1513 1140 1567 1165 ex
1585 1132 1715 1158 Avision-

168 1197 273 1237 aeris
313 1193 584 1235 inclementia
622 1192 780 1232 multos
818 1198 1010 1240 necante,
1045 1192 1183 1232 virum
1231 1192 1417 1232 nobilem
1464 1193 1568 1232 urbe

169 1261 488 1310 Cenomanensi,
511 1259 743 1300 Ricardum
766 1259 816 1299 de
844 1259 1077 1307 Riduariis,
1100 1259 1234 1312 Regis
1256 1259 1568 1307 consobrinum,

166 1330 297 1371 febris
327 1329 442 1369 illius
472 1334 608 1367 acutae
630 1326 845 1375 violentia,
869 1340 967 1379 quae
999 1333 1100 1366 tunc
1121 1325 1324 1379 temporis
1354 1325 1500 1366 multis
1528 1333 1571 1366 ct

168 1397 330 1451 magnis
343 1395 442 1436 viris
463 1394 587 1434 nimis
600 1394 840 1447 ingruebat,
858 1393 1178 1446 desperabiliter
1198 1392 1457 1433 accubuisse.
1500 1392 1572 1432 Ad

170 1479 297 1518 quem
325 1477 419 1503 cum
441 1462 503 1502 vir
523 1460 775 1501 venerabilis
799 1459 1125 1500 Cantuariorum
1148 1459 1342 1499 Antistes
1364 1459 1572 1499 Baldewi--

171 1545 265 1580 nus,
286 1531 331 1570 in
353 1530 474 1584 cujus
506 1543 678 1582 quoque
700 1527 903 1567 comitatu
937 1533 1036 1567 tunc
1068 1541 1195 1576 eram,
1218 1527 1416 1567 visitandi
1452 1541 1575 1566 causa

168 1598 364 1647 venisset,
386 1597 429 1637 in
450 1595 653 1650 penitiori
675 1595 859 1636 thalamo
878 1595 1043 1649 positus
1064 1609 1191 1648 aeger,
1212 1594 1277 1634 vel
1299 1601 1574 1648 experrectus

168 1681 193 1706 a
223 1680 382 1714 somno,
404 1664 470 1704 vel
500 1663 645 1718 potius
671 1663 723 1703 ab
756 1662 893 1703 extasi
926 1662 970 1702 in
998 1677 1125 1715 quam
1153 1661 1289 1701 morbi
1310 1661 1575 1701 vehementia

170 1733 340 1786 Deique
361 1731 567 1785 patientia
586 1737 732 1784 raptus
753 1730 894 1770 fuerat
914 1730 1084 1769 demum
1104 1735 1340 1777 revocatus,
1362 1729 1405 1769 in
1427 1728 1574 1782 hujus·

169 1800 284 1840 modi
317 1799 460 1839 subito
490 1797 616 1838 verba
651 1796 860 1850 prorupit.
923 1796 1058 1836 “Ubi
1096 1795 1234 1844 sunt,’'
1265 1795 1421 1848 inquit,
1454 1794 1572 1834 “ho-

169 1868 302 1908 mines
340 1865 460 1906 mei?
536 1864 693 1917 Pergat
731 1864 884 1917 aliquis
924 1870 1131 1911 actutum,
1170 1869 1213 1902 et
1253 1862 1364 1902 dicat
1402 1862 1570 1902 domino

172 1934 283 1987 Regi
315 1933 516 1986 quatinus
548 1930 630 1971 sibi
667 1931 755 1970 sine
785 1930 1053 1971 cunctatione
1088 1929 1319 1984 provideat,
1343 1928 1572 1982 domuique

171 2016 274 2049 suae,
315 2000 450 2040 libero
491 1998 606 2052 quod
645 2013 729 2037 non
770 1997 880 2037 redit
919 1997 1094 2037 arbitrio
1135 2002 1271 2036 errata
1311 1995 1571 2048 corrigendo,

171 2075 293 2108 caute
329 2066 537 2120 disponat.
598 2064 692 2118 Ego
723 2064 834 2104 enim
873 2064 971 2104 hinc
1007 2063 1171 2112 recedo,
1207 2071 1250 2104 et
1280 2063 1370 2116 ipse
1406 2062 1574 2116 procul-

171 2135 301 2174 dubio
341 2133 452 2174 infra
501 2133 606 2172 duos
655 2144 819 2171 menses
857 2138 900 2171 et
937 2130 1161 2171 dimidium
1213 2145 1279 2170 me
1331 2128 1573 2183 sequetur.”

172 2202 282 2242 Cum
314 2207 455 2241 autem
480 2199 542 2239 sui
564 2199 655 2239 haec
676 2198 895 2238 audientes
916 2198 1188 2237 vehementer
1210 2197 1571 2250 obstupescerent,

170 2276 370 2323 putantes
401 2276 539 2307 tamen
572 2280 758 2313 erronea,
789 2265 1027 2318 cujusmodi
1059 2265 1186 2303 verba
1214 2264 1468 2317 plerumque
1500 2262 1571 2302 illa

172 2336 279 2376 solet
332 2333 552 2374 infirmitas
607 2332 815 2379 emittere,
865 2331 1027 2370 medico
1078 2330 1244 2369 cuidam
1298 2329 1366 2369 cui
1417 2343 1570 2369 nomen

173 2402 434 2441 Willielmus
474 2413 705 2453 cognomen
744 2397 988 2445 Vacelinus‚
1031 2397 1106 2450 qui
1147 2398 1236 2451 ejus
1286 2403 1387 2436 tunc
1427 2411 1569 2436 curam

173 2470 337 2523 agebat,
361 2482 544 2520 eumque
574 2472 625 2505 ut
645 2480 668 2504 a
689 2465 844 2505 talibus
866 2471 1122 2518 temperaret
1141 2463 1280 2503 verbis
1311 2463 1447 2502 acrius
1478 2463 1570 2502 aliis

171 2536 430 2590 increpabat,
461 2534 552 2573 haec
593 2531 844 2586 subjunxit:
891 2531 992 2571 “Et
1033 2538 1094 2579 tu,
1128 2529 1377 2579 Williehne,
1416 2529 1495 2569 tibi
1537 2529 1571 2569 si

173 2603 233 2644 vis
272 2601 504 2656 provideaS,
545 2599 744 2654 quoniam
785 2599 894 2638 infra
928 2611 1003 2638 xv.
1046 2597 1134 2637 dies
1174 2604 1270 2651 post
1311 2597 1488 2650 Regcm,
1531 2603 1574 2636 et

176 2678 223 2709 tu
254 2683 426 2723 quoque
463 2683 528 2707 me
564 2666 792 2719 sequeris.”
852 2665 953 2707 Quo
975 2665 1100 2713 dicto,
1123 2663 1383 2704 Willielmus
1415 2664 1467 2703 ad
1498 2679 1574 2703 nos

174 2737 219 2777 in
269 2736 408 2776 aulam
447 2734 595 2774 eXicns
637 2732 970 2786 Archiepiscopo
1009 2732 1051 2772 in
1102 2747 1202 2771 aure
1252 2738 1412 2771 secreto
1452 2731 1577 2771 verba
