<?xml version="1.0" encoding="UTF-8"?>
<!DOCTYPE html PUBLIC "-//W3C//DTD XHTML 1.0 Transitional//EN"
    "http://www.w3.org/TR/xhtml1/DTD/xhtml1-transitional.dtd">
<html xmlns="http://www.w3.org/1999/xhtml" xml:lang="en" lang="en">
 <head>
  <title>
</title>
<meta http-equiv="Content-Type" content="text/html;charset=utf-8" />
  <meta name='ocr-system' content='tesseract 3.04.00' />
  <meta name='ocr-capabilities' content='ocr_page ocr_carea ocr_par ocr_line ocrx_word'/>
</head>
<body>
  <div class='ocr_page' id='page_1' title='image "./giralduscambrens03girauoft_0206.png"; bbox 0 0 1908 3135; ppageno 0'>
   <div class='ocr_carea' id='block_1_1' title="bbox 382 277 1358 320">
    <p class='ocr_par' dir='ltr' id='par_1_1' title="bbox 382 277 1358 320">
     <span class='ocr_line' id='line_1_1' title="bbox 382 277 1358 320; baseline 0.003 -4"><span class='ocrx_word' id='word_1_1' title='bbox 382 277 463 317; x_wconf 88' lang='lat'>166</span> <span class='ocrx_word' id='word_1_2' title='bbox 785 289 1024 320; x_wconf 82' lang='lat' dir='ltr'><strong>GIRALDUS</strong></span> <span class='ocrx_word' id='word_1_3' title='bbox 1059 288 1358 320; x_wconf 81' lang='lat' dir='ltr'>CAMBRENSIS</span> 
     </span>
    </p>
   </div>
   <div class='ocr_carea' id='block_1_2' title="bbox 376 387 1772 2120">
    <p class='ocr_par' dir='ltr' id='par_1_2' title="bbox 377 387 1770 711">
     <span class='ocr_line' id='line_1_2' title="bbox 377 387 1767 442; baseline 0.001 -16"><span class='ocrx_word' id='word_1_4' title='bbox 377 394 463 427; x_wconf 91' lang='lat' dir='ltr'>tam</span> <span class='ocrx_word' id='word_1_5' title='bbox 503 387 781 427; x_wconf 80' lang='lat' dir='ltr'>excellentem</span> <span class='ocrx_word' id='word_1_6' title='bbox 821 394 995 427; x_wconf 82' lang='lat' dir='ltr'>staturae</span> <span class='ocrx_word' id='word_1_7' title='bbox 1032 388 1326 442; x_wconf 77' lang='lat' dir='ltr'>proceritatem</span> <span class='ocrx_word' id='word_1_8' title='bbox 1368 389 1475 429; x_wconf 81' lang='lat' dir='ltr'>vidit</span> <span class='ocrx_word' id='word_1_9' title='bbox 1514 403 1767 438; x_wconf 83' lang='lat' dir='ltr'>excrescere,</span> 
     </span>
     <span class='ocr_line' id='line_1_3' title="bbox 378 454 1769 496; baseline 0.001 -2"><span class='ocrx_word' id='word_1_10' title='bbox 378 462 428 494; x_wconf 89' lang='lat' dir='ltr'>ut</span> <span class='ocrx_word' id='word_1_11' title='bbox 467 454 734 494; x_wconf 88' lang='lat' dir='ltr'>intuentibus</span> <span class='ocrx_word' id='word_1_12' title='bbox 774 455 934 495; x_wconf 87' lang='lat' dir='ltr'>cunctis</span> <span class='ocrx_word' id='word_1_13' title='bbox 967 455 1216 495; x_wconf 85' lang='lat' dir='ltr'>venerabilis</span> <span class='ocrx_word' id='word_1_14' title='bbox 1248 455 1365 496; x_wconf 86' lang='lat' dir='ltr'>valde</span> <span class='ocrx_word' id='word_1_15' title='bbox 1405 471 1451 495; x_wconf 86' lang='lat' dir='ltr'>ac</span> <span class='ocrx_word' id='word_1_16' title='bbox 1492 455 1769 496; x_wconf 86' lang='lat' dir='ltr'>formidabilis</span> 
     </span>
     <span class='ocr_line' id='line_1_4' title="bbox 378 522 1770 576; baseline 0.001 -15"><span class='ocrx_word' id='word_1_17' title='bbox 378 522 618 562; x_wconf 82' lang='lat' dir='ltr'>haberetur.</span> <span class='ocrx_word' id='word_1_18' title='bbox 682 522 784 571; x_wconf 82' lang='lat' dir='ltr'>Qui,</span> <span class='ocrx_word' id='word_1_19' title='bbox 826 537 921 562; x_wconf 91' lang='lat' dir='ltr'>cum</span> <span class='ocrx_word' id='word_1_20' title='bbox 958 523 1122 575; x_wconf 85' lang='lat' dir='ltr'>Regem</span> <span class='ocrx_word' id='word_1_21' title='bbox 1165 522 1402 563; x_wconf 88' lang='lat' dir='ltr'>Henricum</span> <span class='ocrx_word' id='word_1_22' title='bbox 1437 530 1523 563; x_wconf 85' lang='lat' dir='ltr'>tam</span> <span class='ocrx_word' id='word_1_23' title='bbox 1563 523 1770 576; x_wconf 83' lang='lat' dir='ltr'>exiguum</span> 
     </span>
     <span class='ocr_line' id='line_1_5' title="bbox 379 590 1767 644; baseline 0.002 -15"><span class='ocrx_word' id='word_1_24' title='bbox 379 590 652 643; x_wconf 83' lang='lat' dir='ltr'>conspiceret,</span> <span class='ocrx_word' id='word_1_25' title='bbox 680 591 800 644; x_wconf 82' lang='lat' dir='ltr'>quasi</span> <span class='ocrx_word' id='word_1_26' title='bbox 826 590 957 644; x_wconf 85' lang='lat' dir='ltr'>digito</span> <span class='ocrx_word' id='word_1_27' title='bbox 983 597 1183 644; x_wconf 82' lang='lat' dir='ltr'>protenso</span> <span class='ocrx_word' id='word_1_28' title='bbox 1205 591 1292 630; x_wconf 84' lang='lat' dir='ltr'>suis</span> <span class='ocrx_word' id='word_1_29' title='bbox 1321 606 1418 631; x_wconf 93' lang='lat' dir='ltr'>eum</span> <span class='ocrx_word' id='word_1_30' title='bbox 1440 591 1664 632; x_wconf 83' lang='lat' dir='ltr'>ostendens</span> <span class='ocrx_word' id='word_1_31' title='bbox 1685 592 1767 632; x_wconf 82' lang='lat' dir='ltr'>ait:</span> 
     </span>
     <span class='ocr_line' id='line_1_6' title="bbox 380 656 1473 711; baseline 0.002 -15"><span class='ocrx_word' id='word_1_32' title='bbox 380 660 407 679; x_wconf 76' lang='lat'>‘⁶</span> <span class='ocrx_word' id='word_1_33' title='bbox 424 656 558 697; x_wconf 87' lang='lat' dir='ltr'>Estne</span> <span class='ocrx_word' id='word_1_34' title='bbox 579 657 659 696; x_wconf 83' lang='lat' dir='ltr'>iste</span> <span class='ocrx_word' id='word_1_35' title='bbox 680 657 806 697; x_wconf 90' lang='lat' dir='ltr'>homo</span> <span class='ocrx_word' id='word_1_36' title='bbox 827 657 896 696; x_wconf 87' lang='lat' dir='ltr'>eui</span> <span class='ocrx_word' id='word_1_37' title='bbox 917 664 1027 697; x_wconf 87' lang='lat' dir='ltr'>terra</span> <span class='ocrx_word' id='word_1_38' title='bbox 1047 657 1232 711; x_wconf 86' lang='lat' dir='ltr'>relinqui</span> <span class='ocrx_word' id='word_1_39' title='bbox 1253 657 1405 698; x_wconf 84' lang='lat' dir='ltr'>debeat</span> <span class='ocrx_word' id='word_1_40' title='bbox 1424 657 1473 698; x_wconf 78' lang='lat'>?’&#39;</span> 
     </span>
    </p>

    <p class='ocr_par' dir='ltr' id='par_1_3' title="bbox 378 724 1772 1246">
     <span class='ocr_line' id='line_1_7' title="bbox 435 724 1770 781; baseline 0.002 -17"><span class='ocrx_word' id='word_1_41' title='bbox 435 724 590 765; x_wconf 84' lang='lat' dir='ltr'>Visum</span> <span class='ocrx_word' id='word_1_42' title='bbox 605 731 667 764; x_wconf 88' lang='lat' dir='ltr'>est</span> <span class='ocrx_word' id='word_1_43' title='bbox 676 724 746 764; x_wconf 88' lang='lat' dir='ltr'>alii</span> <span class='ocrx_word' id='word_1_44' title='bbox 757 724 921 778; x_wconf 81' lang='lat' dir='ltr'>Regem</span> <span class='ocrx_word' id='word_1_45' title='bbox 938 725 1173 765; x_wconf 89' lang='lat' dir='ltr'>Henricum</span> <span class='ocrx_word' id='word_1_46' title='bbox 1187 740 1261 780; x_wconf 90' lang='lat' dir='ltr'>per</span> <span class='ocrx_word' id='word_1_47' title='bbox 1273 726 1426 765; x_wconf 87' lang='lat' dir='ltr'>vadum</span> <span class='ocrx_word' id='word_1_48' title='bbox 1439 725 1637 766; x_wconf 89' lang='lat' dir='ltr'>limosum</span> <span class='ocrx_word' id='word_1_49' title='bbox 1650 727 1770 781; x_wconf 87' lang='lat' dir='ltr'>equi-</span> 
     </span>
     <span class='ocr_line' id='line_1_8' title="bbox 378 791 1768 846; baseline 0.001 -14"><span class='ocrx_word' id='word_1_50' title='bbox 378 798 552 840; x_wconf 84' lang='lat' dir='ltr'>tantem,</span> <span class='ocrx_word' id='word_1_51' title='bbox 576 791 717 831; x_wconf 91' lang='lat' dir='ltr'>subito</span> <span class='ocrx_word' id='word_1_52' title='bbox 739 798 849 831; x_wconf 85' lang='lat' dir='ltr'>terra</span> <span class='ocrx_word' id='word_1_53' title='bbox 867 791 1055 845; x_wconf 89' lang='lat' dir='ltr'>limoque</span> <span class='ocrx_word' id='word_1_54' title='bbox 1077 792 1256 846; x_wconf 83' lang='lat' dir='ltr'>desuper</span> <span class='ocrx_word' id='word_1_55' title='bbox 1276 792 1513 842; x_wconf 83' lang='lat' dir='ltr'>claudente,</span> <span class='ocrx_word' id='word_1_56' title='bbox 1537 799 1674 834; x_wconf 85' lang='lat' dir='ltr'>totum</span> <span class='ocrx_word' id='word_1_57' title='bbox 1696 794 1768 834; x_wconf 87' lang='lat' dir='ltr'>ab·</span> 
     </span>
     <span class='ocr_line' id='line_1_9' title="bbox 378 857 1769 913; baseline 0.002 -15"><span class='ocrx_word' id='word_1_58' title='bbox 378 865 569 911; x_wconf 90' lang='lat' dir='ltr'>sorptum</span> <span class='ocrx_word' id='word_1_59' title='bbox 600 871 702 905; x_wconf 86' lang='lat' dir='ltr'>esse,</span> <span class='ocrx_word' id='word_1_60' title='bbox 724 857 959 911; x_wconf 90' lang='lat' dir='ltr'>limumque</span> <span class='ocrx_word' id='word_1_61' title='bbox 980 859 1122 898; x_wconf 88' lang='lat' dir='ltr'>statim</span> <span class='ocrx_word' id='word_1_62' title='bbox 1153 858 1386 899; x_wconf 81' lang='lat' dir='ltr'>maximum</span> <span class='ocrx_word' id='word_1_63' title='bbox 1417 866 1460 899; x_wconf 85' lang='lat' dir='ltr'>et</span> <span class='ocrx_word' id='word_1_64' title='bbox 1494 860 1769 913; x_wconf 87' lang='lat' dir='ltr'>nigerrimum</span> 
     </span>
     <span class='ocr_line' id='line_1_10' title="bbox 379 924 1768 977; baseline 0.004 -14"><span class='ocrx_word' id='word_1_65' title='bbox 379 938 615 977; x_wconf 85' lang='lat' dir='ltr'>emergere;</span> <span class='ocrx_word' id='word_1_66' title='bbox 650 924 723 977; x_wconf 88' lang='lat' dir='ltr'>qui</span> <span class='ocrx_word' id='word_1_67' title='bbox 745 939 838 964; x_wconf 91' lang='lat' dir='ltr'>cum</span> <span class='ocrx_word' id='word_1_68' title='bbox 861 924 1032 965; x_wconf 89' lang='lat' dir='ltr'>demum</span> <span class='ocrx_word' id='word_1_69' title='bbox 1062 925 1249 965; x_wconf 82' lang='lat' dir='ltr'>maximo</span> <span class='ocrx_word' id='word_1_70' title='bbox 1271 941 1364 966; x_wconf 87' lang='lat' dir='ltr'>cum</span> <span class='ocrx_word' id='word_1_71' title='bbox 1386 926 1528 966; x_wconf 89' lang='lat' dir='ltr'>labore</span> <span class='ocrx_word' id='word_1_72' title='bbox 1550 935 1768 969; x_wconf 81' lang='lat' dir='ltr'>extractus</span> 
     </span>
     <span class='ocr_line' id='line_1_11' title="bbox 378 991 1771 1049; baseline 0.004 -19"><span class='ocrx_word' id='word_1_73' title='bbox 378 991 540 1040; x_wconf 85' lang='lat' dir='ltr'>fuisset,</span> <span class='ocrx_word' id='word_1_74' title='bbox 563 991 652 1031; x_wconf 84' lang='lat' dir='ltr'>sine</span> <span class='ocrx_word' id='word_1_75' title='bbox 681 991 818 1045; x_wconf 86' lang='lat' dir='ltr'>capite</span> <span class='ocrx_word' id='word_1_76' title='bbox 840 999 1034 1046; x_wconf 83' lang='lat' dir='ltr'>repertus</span> <span class='ocrx_word' id='word_1_77' title='bbox 1056 999 1133 1033; x_wconf 88' lang='lat' dir='ltr'>est.</span> <span class='ocrx_word' id='word_1_78' title='bbox 1194 993 1399 1048; x_wconf 90' lang='lat' dir='ltr'>Dumque</span> <span class='ocrx_word' id='word_1_79' title='bbox 1428 1001 1554 1048; x_wconf 87' lang='lat' dir='ltr'>caput</span> <span class='ocrx_word' id='word_1_80' title='bbox 1585 1002 1771 1049; x_wconf 89' lang='lat' dir='ltr'>postmo-</span> 
     </span>
     <span class='ocr_line' id='line_1_12' title="bbox 379 1058 1771 1116; baseline 0.004 -18"><span class='ocrx_word' id='word_1_81' title='bbox 379 1058 479 1098; x_wconf 91' lang='lat' dir='ltr'>dum</span> <span class='ocrx_word' id='word_1_82' title='bbox 510 1073 586 1112; x_wconf 86' lang='lat' dir='ltr'>per</span> <span class='ocrx_word' id='word_1_83' title='bbox 621 1074 662 1099; x_wconf 90' lang='lat' dir='ltr'>se</span> <span class='ocrx_word' id='word_1_84' title='bbox 684 1058 836 1099; x_wconf 87' lang='lat' dir='ltr'>fuisset</span> <span class='ocrx_word' id='word_1_85' title='bbox 856 1059 1091 1109; x_wconf 86' lang='lat' dir='ltr'>inventum,</span> <span class='ocrx_word' id='word_1_86' title='bbox 1112 1059 1243 1113; x_wconf 90' lang='lat' dir='ltr'>idque</span> <span class='ocrx_word' id='word_1_87' title='bbox 1261 1074 1337 1100; x_wconf 87' lang='lat' dir='ltr'>suo</span> <span class='ocrx_word' id='word_1_88' title='bbox 1357 1061 1481 1101; x_wconf 82' lang='lat' dir='ltr'>collo¹</span> <span class='ocrx_word' id='word_1_89' title='bbox 1512 1062 1693 1116; x_wconf 87' lang='lat' dir='ltr'>jungere</span> <span class='ocrx_word' id='word_1_90' title='bbox 1727 1070 1771 1104; x_wconf 85' lang='lat' dir='ltr'>et</span> 
     </span>
     <span class='ocr_line' id='line_1_13' title="bbox 378 1125 1772 1183; baseline 0.004 -19"><span class='ocrx_word' id='word_1_91' title='bbox 378 1132 521 1178; x_wconf 87' lang='lat' dir='ltr'>aptare</span> <span class='ocrx_word' id='word_1_92' title='bbox 545 1125 714 1174; x_wconf 85' lang='lat' dir='ltr'>frustra,</span> <span class='ocrx_word' id='word_1_93' title='bbox 739 1125 813 1179; x_wconf 90' lang='lat' dir='ltr'>qui</span> <span class='ocrx_word' id='word_1_94' title='bbox 834 1125 926 1166; x_wconf 88' lang='lat' dir='ltr'>haec</span> <span class='ocrx_word' id='word_1_95' title='bbox 941 1125 1059 1175; x_wconf 87' lang='lat' dir='ltr'>vidit,</span> <span class='ocrx_word' id='word_1_96' title='bbox 1083 1126 1329 1175; x_wconf 83' lang='lat' dir='ltr'>elaboraret,</span> <span class='ocrx_word' id='word_1_97' title='bbox 1344 1142 1367 1167; x_wconf 88' lang='lat' dir='ltr'>a</span> <span class='ocrx_word' id='word_1_98' title='bbox 1385 1142 1530 1168; x_wconf 90' lang='lat' dir='ltr'>somno</span> <span class='ocrx_word' id='word_1_99' title='bbox 1549 1143 1772 1183; x_wconf 86' lang='lat' dir='ltr'>exporrec-</span> 
     </span>
     <span class='ocr_line' id='line_1_14' title="bbox 380 1192 696 1246; baseline 0.003 -15"><span class='ocrx_word' id='word_1_100' title='bbox 380 1198 449 1231; x_wconf 90' lang='lat' dir='ltr'>tus</span> <span class='ocrx_word' id='word_1_101' title='bbox 471 1192 696 1246; x_wconf 86' lang='lat' dir='ltr'>evigilavit.</span> 
     </span>
    </p>

    <p class='ocr_par' dir='ltr' id='par_1_4' title="bbox 376 1259 1772 2120">
     <span class='ocr_line' id='line_1_15' title="bbox 435 1259 1770 1316; baseline 0.004 -18"><span class='ocrx_word' id='word_1_102' title='bbox 435 1259 672 1299; x_wconf 88' lang='lat' dir='ltr'>Monachus</span> <span class='ocrx_word' id='word_1_103' title='bbox 687 1261 874 1314; x_wconf 87' lang='lat' dir='ltr'>quidam,</span> <span class='ocrx_word' id='word_1_104' title='bbox 893 1261 1045 1302; x_wconf 88' lang='lat' dir='ltr'>ductus</span> <span class='ocrx_word' id='word_1_105' title='bbox 1062 1262 1105 1301; x_wconf 89' lang='lat' dir='ltr'>in</span> <span class='ocrx_word' id='word_1_106' title='bbox 1121 1262 1286 1316; x_wconf 85' lang='lat' dir='ltr'>spiritu,</span> <span class='ocrx_word' id='word_1_107' title='bbox 1302 1262 1408 1302; x_wconf 88' lang='lat' dir='ltr'>vidit</span> <span class='ocrx_word' id='word_1_108' title='bbox 1423 1263 1542 1316; x_wconf 86' lang='lat' dir='ltr'>quasi</span> <span class='ocrx_word' id='word_1_109' title='bbox 1555 1263 1770 1304; x_wconf 89' lang='lat' dir='ltr'>hominem</span> 
     </span>
     <span class='ocr_line' id='line_1_16' title="bbox 379 1328 1764 1383; baseline 0.004 -18"><span class='ocrx_word' id='word_1_110' title='bbox 379 1333 573 1379; x_wconf 83' lang='lat' dir='ltr'>paratum</span> <span class='ocrx_word' id='word_1_111' title='bbox 593 1328 645 1367; x_wconf 85' lang='lat' dir='ltr'>ad</span> <span class='ocrx_word' id='word_1_112' title='bbox 667 1328 880 1379; x_wconf 89' lang='lat' dir='ltr'>duellum;</span> <span class='ocrx_word' id='word_1_113' title='bbox 903 1336 946 1369; x_wconf 90' lang='lat' dir='ltr'>et</span> <span class='ocrx_word' id='word_1_114' title='bbox 976 1344 1071 1369; x_wconf 88' lang='lat' dir='ltr'>cum</span> <span class='ocrx_word' id='word_1_115' title='bbox 1093 1329 1316 1383; x_wconf 77' lang='lat' dir='ltr'>quaesisset</span> <span class='ocrx_word' id='word_1_116' title='bbox 1335 1330 1388 1369; x_wconf 86' lang='lat' dir='ltr'>ab</span> <span class='ocrx_word' id='word_1_117' title='bbox 1420 1331 1569 1383; x_wconf 84' lang='lat' dir='ltr'>angelo</span> <span class='ocrx_word' id='word_1_118' title='bbox 1590 1331 1764 1371; x_wconf 89' lang='lat' dir='ltr'>ductore</span> 
     </span>
     <span class='ocr_line' id='line_1_17' title="bbox 379 1393 1769 1450; baseline 0.004 -18"><span class='ocrx_word' id='word_1_119' title='bbox 379 1393 572 1446; x_wconf 86' lang='lat' dir='ltr'>quisnam</span> <span class='ocrx_word' id='word_1_120' title='bbox 609 1402 719 1435; x_wconf 84' lang='lat' dir='ltr'>esset</span> <span class='ocrx_word' id='word_1_121' title='bbox 752 1395 837 1444; x_wconf 87' lang='lat' dir='ltr'>ille,</span> <span class='ocrx_word' id='word_1_122' title='bbox 861 1396 1021 1436; x_wconf 88' lang='lat' dir='ltr'>audivit</span> <span class='ocrx_word' id='word_1_123' title='bbox 1057 1397 1171 1450; x_wconf 90' lang='lat' dir='ltr'>quod</span> <span class='ocrx_word' id='word_1_124' title='bbox 1191 1396 1314 1436; x_wconf 86' lang='lat' dir='ltr'>Jesus</span> <span class='ocrx_word' id='word_1_125' title='bbox 1335 1404 1437 1437; x_wconf 86' lang='lat' dir='ltr'>erat.</span> <span class='ocrx_word' id='word_1_126' title='bbox 1499 1398 1559 1437; x_wconf 90' lang='lat' dir='ltr'>Et</span> <span class='ocrx_word' id='word_1_127' title='bbox 1590 1412 1685 1438; x_wconf 89' lang='lat' dir='ltr'>cum</span> <span class='ocrx_word' id='word_1_128' title='bbox 1714 1413 1769 1438; x_wconf 83' lang='lat' dir='ltr'>ex</span> 
     </span>
     <span class='ocr_line' id='line_1_18' title="bbox 377 1460 1772 1518; baseline 0.004 -19"><span class='ocrx_word' id='word_1_129' title='bbox 377 1460 458 1499; x_wconf 83' lang='lat' dir='ltr'>alia</span> <span class='ocrx_word' id='word_1_130' title='bbox 492 1468 612 1514; x_wconf 89' lang='lat' dir='ltr'>parte</span> <span class='ocrx_word' id='word_1_131' title='bbox 643 1462 805 1502; x_wconf 86' lang='lat' dir='ltr'>videret</span> <span class='ocrx_word' id='word_1_132' title='bbox 834 1462 963 1503; x_wconf 88' lang='lat' dir='ltr'>alium</span> <span class='ocrx_word' id='word_1_133' title='bbox 995 1463 1188 1503; x_wconf 89' lang='lat' dir='ltr'>similiter</span> <span class='ocrx_word' id='word_1_134' title='bbox 1221 1472 1429 1517; x_wconf 86' lang='lat' dir='ltr'>paratum,</span> <span class='ocrx_word' id='word_1_135' title='bbox 1459 1465 1642 1518; x_wconf 83' lang='lat' dir='ltr'>quaesito</span> <span class='ocrx_word' id='word_1_136' title='bbox 1675 1465 1772 1518; x_wconf 87' lang='lat' dir='ltr'>quis</span> 
     </span>
     <span class='ocr_line' id='line_1_19' title="bbox 378 1526 1770 1586; baseline 0.006 -21"><span class='ocrx_word' id='word_1_137' title='bbox 378 1526 448 1566; x_wconf 91' lang='lat' dir='ltr'>ille</span> <span class='ocrx_word' id='word_1_138' title='bbox 489 1534 610 1577; x_wconf 86' lang='lat' dir='ltr'>esset,</span> <span class='ocrx_word' id='word_1_139' title='bbox 646 1528 807 1569; x_wconf 90' lang='lat' dir='ltr'>audivit</span> <span class='ocrx_word' id='word_1_140' title='bbox 843 1530 958 1582; x_wconf 90' lang='lat' dir='ltr'>quod</span> <span class='ocrx_word' id='word_1_141' title='bbox 994 1529 1208 1570; x_wconf 88' lang='lat' dir='ltr'>Henricus</span> <span class='ocrx_word' id='word_1_142' title='bbox 1241 1531 1355 1572; x_wconf 86' lang='lat' dir='ltr'>Rex.</span> <span class='ocrx_word' id='word_1_143' title='bbox 1435 1531 1630 1586; x_wconf 88' lang='lat' dir='ltr'>Cumque</span> <span class='ocrx_word' id='word_1_144' title='bbox 1672 1547 1770 1573; x_wconf 89' lang='lat' dir='ltr'>con—</span> 
     </span>
     <span class='ocr_line' id='line_1_20' title="bbox 377 1594 1770 1649; baseline 0.004 -16"><span class='ocrx_word' id='word_1_145' title='bbox 377 1594 655 1646; x_wconf 88' lang='lat' dir='ltr'>grederentur</span> <span class='ocrx_word' id='word_1_146' title='bbox 685 1596 834 1645; x_wconf 84' lang='lat' dir='ltr'>acrius,</span> <span class='ocrx_word' id='word_1_147' title='bbox 869 1596 969 1636; x_wconf 83' lang='lat' dir='ltr'>Rex</span> <span class='ocrx_word' id='word_1_148' title='bbox 996 1611 1140 1649; x_wconf 88' lang='lat' dir='ltr'>graves</span> <span class='ocrx_word' id='word_1_149' title='bbox 1166 1597 1348 1638; x_wconf 85' lang='lat' dir='ltr'>insultus</span> <span class='ocrx_word' id='word_1_150' title='bbox 1379 1598 1572 1638; x_wconf 88' lang='lat' dir='ltr'>faciendo</span> <span class='ocrx_word' id='word_1_151' title='bbox 1601 1599 1770 1639; x_wconf 90' lang='lat' dir='ltr'>demum</span> 
     </span>
     <span class='ocr_line' id='line_1_21' title="bbox 377 1661 1772 1720; baseline 0.004 -20"><span class='ocrx_word' id='word_1_152' title='bbox 377 1661 490 1701; x_wconf 88' lang='lat' dir='ltr'>visus</span> <span class='ocrx_word' id='word_1_153' title='bbox 511 1668 574 1701; x_wconf 88' lang='lat' dir='ltr'>est</span> <span class='ocrx_word' id='word_1_154' title='bbox 595 1662 827 1703; x_wconf 87' lang='lat' dir='ltr'>Dominum</span> <span class='ocrx_word' id='word_1_155' title='bbox 849 1663 893 1702; x_wconf 90' lang='lat' dir='ltr'>in</span> <span class='ocrx_word' id='word_1_156' title='bbox 908 1663 1048 1703; x_wconf 85' lang='lat' dir='ltr'>fronte</span> <span class='ocrx_word' id='word_1_157' title='bbox 1069 1671 1304 1717; x_wconf 88' lang='lat' dir='ltr'>percutere,</span> <span class='ocrx_word' id='word_1_158' title='bbox 1323 1665 1427 1705; x_wconf 89' lang='lat' dir='ltr'>adeo</span> <span class='ocrx_word' id='word_1_159' title='bbox 1445 1672 1494 1706; x_wconf 90' lang='lat' dir='ltr'>ut</span> <span class='ocrx_word' id='word_1_160' title='bbox 1507 1666 1676 1720; x_wconf 86' lang='lat' dir='ltr'>sanguis</span> <span class='ocrx_word' id='word_1_161' title='bbox 1696 1681 1772 1720; x_wconf 88' lang='lat' dir='ltr'>per</span> 
     </span>
     <span class='ocr_line' id='line_1_22' title="bbox 376 1728 1771 1773; baseline 0.004 -5"><span class='ocrx_word' id='word_1_162' title='bbox 376 1728 526 1769; x_wconf 84' lang='lat' dir='ltr'>faciem</span> <span class='ocrx_word' id='word_1_163' title='bbox 548 1729 742 1770; x_wconf 87' lang='lat' dir='ltr'>deorsum</span> <span class='ocrx_word' id='word_1_164' title='bbox 761 1745 928 1770; x_wconf 85' lang='lat' dir='ltr'>manare</span> <span class='ocrx_word' id='word_1_165' title='bbox 948 1731 1176 1771; x_wconf 81' lang='lat' dir='ltr'>videretur.</span> <span class='ocrx_word' id='word_1_166' title='bbox 1239 1732 1360 1772; x_wconf 91' lang='lat' dir='ltr'>Tunc</span> <span class='ocrx_word' id='word_1_167' title='bbox 1381 1741 1523 1773; x_wconf 89' lang='lat' dir='ltr'>autem</span> <span class='ocrx_word' id='word_1_168' title='bbox 1544 1733 1771 1773; x_wconf 86' lang='lat' dir='ltr'>monachus</span> 
     </span>
     <span class='ocr_line' id='line_1_23' title="bbox 377 1796 1768 1851; baseline 0.005 -16"><span class='ocrx_word' id='word_1_169' title='bbox 377 1796 650 1837; x_wconf 85' lang='lat' dir='ltr'>contristatus</span> <span class='ocrx_word' id='word_1_170' title='bbox 670 1798 902 1851; x_wconf 87' lang='lat' dir='ltr'>plurimum</span> <span class='ocrx_word' id='word_1_171' title='bbox 921 1806 963 1838; x_wconf 89' lang='lat' dir='ltr'>et</span> <span class='ocrx_word' id='word_1_172' title='bbox 988 1806 1280 1839; x_wconf 86' lang='lat' dir='ltr'>consternatus</span> <span class='ocrx_word' id='word_1_173' title='bbox 1301 1800 1566 1849; x_wconf 84' lang='lat' dir='ltr'>exclamavit,</span> <span class='ocrx_word' id='word_1_174' title='bbox 1599 1804 1626 1822; x_wconf 85' lang='lat'><strong>“</strong></span> <span class='ocrx_word' id='word_1_175' title='bbox 1642 1800 1740 1841; x_wconf 91' lang='lat' dir='ltr'>Vhe</span> <span class='ocrx_word' id='word_1_176' title='bbox 1759 1803 1768 1842; x_wconf 92' lang='lat'>!</span> 
     </span>
     <span class='ocr_line' id='line_1_24' title="bbox 378 1863 1770 1922; baseline 0.004 -18"><span class='ocrx_word' id='word_1_177' title='bbox 378 1863 472 1904; x_wconf 89' lang='lat' dir='ltr'>Vhe</span> <span class='ocrx_word' id='word_1_178' title='bbox 492 1865 500 1904; x_wconf 69' lang='grc' dir='ltr'>Σ</span> <span class='ocrx_word' id='word_1_179' title='bbox 524 1865 779 1905; x_wconf 78' lang='lat' dir='ltr'>auxiliemur</span> <span class='ocrx_word' id='word_1_180' title='bbox 795 1865 850 1905; x_wconf 90' lang='lat' dir='ltr'>Ei</span> <span class='ocrx_word' id='word_1_181' title='bbox 866 1866 902 1906; x_wconf 86' lang='lat'>!”</span> <span class='ocrx_word' id='word_1_182' title='bbox 924 1866 1141 1920; x_wconf 85' lang='lat' dir='ltr'>respondit</span> <span class='ocrx_word' id='word_1_183' title='bbox 1156 1867 1194 1906; x_wconf 92' lang='lat' dir='ltr'>ei</span> <span class='ocrx_word' id='word_1_184' title='bbox 1207 1867 1396 1921; x_wconf 84' lang='lat' dir='ltr'>angelus,</span> <span class='ocrx_word' id='word_1_185' title='bbox 1415 1871 1441 1889; x_wconf 89' lang='lat'><strong>“</strong></span> <span class='ocrx_word' id='word_1_186' title='bbox 1459 1868 1559 1908; x_wconf 91' lang='lat' dir='ltr'>Non</span> <span class='ocrx_word' id='word_1_187' title='bbox 1573 1875 1637 1908; x_wconf 90' lang='lat' dir='ltr'>est</span> <span class='ocrx_word' id='word_1_188' title='bbox 1649 1883 1770 1922; x_wconf 81' lang='lat' dir='ltr'>opuS,</span> 
     </span>
     <span class='ocr_line' id='line_1_25' title="bbox 378 1932 1771 1986; baseline 0.006 -18"><span class='ocrx_word' id='word_1_189' title='bbox 378 1937 578 1983; x_wconf 84' lang='lat' dir='ltr'>exspecta</span> <span class='ocrx_word' id='word_1_190' title='bbox 598 1932 864 1986; x_wconf 87' lang='lat' dir='ltr'>parumper.’&#39;</span> <span class='ocrx_word' id='word_1_191' title='bbox 923 1933 983 1974; x_wconf 85' lang='lat' dir='ltr'>Et</span> <span class='ocrx_word' id='word_1_192' title='bbox 1003 1934 1144 1974; x_wconf 85' lang='lat' dir='ltr'>statim</span> <span class='ocrx_word' id='word_1_193' title='bbox 1159 1934 1370 1975; x_wconf 88' lang='lat' dir='ltr'>Dominus</span> <span class='ocrx_word' id='word_1_194' title='bbox 1388 1935 1552 1975; x_wconf 88' lang='lat' dir='ltr'>elevans</span> <span class='ocrx_word' id='word_1_195' title='bbox 1572 1935 1771 1976; x_wconf 82' lang='lat' dir='ltr'>baculum</span> 
     </span>
     <span class='ocr_line' id='line_1_26' title="bbox 376 1996 1770 2057; baseline 0.006 -21"><span class='ocrx_word' id='word_1_196' title='bbox 376 1996 436 2037; x_wconf 86' lang='lat' dir='ltr'>ita</span> <span class='ocrx_word' id='word_1_197' title='bbox 457 1996 620 2050; x_wconf 86' lang='lat' dir='ltr'>Regem</span> <span class='ocrx_word' id='word_1_198' title='bbox 653 1999 930 2052; x_wconf 87' lang='lat' dir='ltr'>percutiendo</span> <span class='ocrx_word' id='word_1_199' title='bbox 961 2001 1225 2050; x_wconf 85' lang='lat' dir='ltr'>comminuit,</span> <span class='ocrx_word' id='word_1_200' title='bbox 1248 2009 1297 2042; x_wconf 89' lang='lat' dir='ltr'>ut</span> <span class='ocrx_word' id='word_1_201' title='bbox 1330 2017 1385 2042; x_wconf 79' lang='lat' dir='ltr'>ex</span> <span class='ocrx_word' id='word_1_202' title='bbox 1419 2002 1512 2057; x_wconf 89' lang='lat' dir='ltr'>ipso</span> <span class='ocrx_word' id='word_1_203' title='bbox 1542 2005 1631 2057; x_wconf 87' lang='lat' dir='ltr'>jam</span> <span class='ocrx_word' id='word_1_204' title='bbox 1662 2003 1770 2043; x_wconf 91' lang='lat' dir='ltr'>nihil</span> 
     </span>
     <span class='ocr_line' id='line_1_27' title="bbox 377 2065 1162 2120; baseline 0.005 -17"><span class='ocrx_word' id='word_1_205' title='bbox 377 2065 547 2104; x_wconf 88' lang='lat' dir='ltr'>omnino</span> <span class='ocrx_word' id='word_1_206' title='bbox 568 2080 694 2119; x_wconf 87' lang='lat' dir='ltr'>super</span> <span class='ocrx_word' id='word_1_207' title='bbox 714 2073 867 2106; x_wconf 88' lang='lat' dir='ltr'>terram</span> <span class='ocrx_word' id='word_1_208' title='bbox 889 2075 1162 2120; x_wconf 85' lang='lat' dir='ltr'>compareret.</span> 
     </span>
    </p>
   </div>
   <div class='ocr_carea' id='block_1_3' title="bbox 377 2259 1770 2413">
    <p class='ocr_par' dir='ltr' id='par_1_5' title="bbox 377 2259 1770 2413">
     <span class='ocr_line' id='line_1_28' title="bbox 923 2259 1225 2302; baseline 0.01 -4"><span class='ocrx_word' id='word_1_209' title='bbox 923 2259 1029 2301; x_wconf 83' lang='lat' dir='ltr'><strong>CAP.</strong></span> <span class='ocrx_word' id='word_1_210' title='bbox 1063 2260 1225 2302; x_wconf 90' lang='lat' dir='ltr'>XXX.</span> 
     </span>
     <span class='ocr_line' id='line_1_29' title="bbox 377 2358 1770 2413; baseline 0.004 -16"><span class='ocrx_word' id='word_1_211' title='bbox 377 2358 446 2398; x_wconf 85' lang='lat' dir='ltr'>De</span> <span class='ocrx_word' id='word_1_212' title='bbox 467 2360 619 2398; x_wconf 52' lang='lat' dir='ltr'>visione</span> <span class='ocrx_word' id='word_1_213' title='bbox 650 2359 846 2399; x_wconf 74' lang='lat' dir='ltr'>Willelmz‘</span> <span class='ocrx_word' id='word_1_214' title='bbox 866 2360 997 2413; x_wconf 60' lang='lat' dir='ltr'>Regis</span> <span class='ocrx_word' id='word_1_215' title='bbox 1017 2360 1120 2412; x_wconf 75' lang='lat' dir='ltr'>Bzfi</span> <span class='ocrx_word' id='word_1_216' title='bbox 1139 2374 1260 2413; x_wconf 79' lang='lat' dir='ltr'>quam</span> <span class='ocrx_word' id='word_1_217' title='bbox 1280 2361 1368 2413; x_wconf 74' lang='lat' dir='ltr'>ipse</span> <span class='ocrx_word' id='word_1_218' title='bbox 1388 2362 1508 2411; x_wconf 76' lang='lat' dir='ltr'>vidit,</span> <span class='ocrx_word' id='word_1_219' title='bbox 1532 2368 1571 2402; x_wconf 72' lang='lat' dir='ltr'>et</span> <span class='ocrx_word' id='word_1_220' title='bbox 1603 2362 1691 2402; x_wconf 74' lang='lat' dir='ltr'>alia</span> <span class='ocrx_word' id='word_1_221' title='bbox 1722 2363 1770 2402; x_wconf 83' lang='lat' dir='ltr'>de</span> 
     </span>
    </p>
   </div>
   <div class='ocr_carea' id='block_1_4' title="bbox 435 2426 1770 2532">
    <p class='ocr_par' dir='ltr' id='par_1_6' title="bbox 435 2426 1770 2532">
     <span class='ocr_line' id='line_1_30' title="bbox 435 2426 1770 2481; baseline 0.004 -16"><span class='ocrx_word' id='word_1_222' title='bbox 435 2426 523 2479; x_wconf 73' lang='lat' dir='ltr'>ipso</span> <span class='ocrx_word' id='word_1_223' title='bbox 544 2427 646 2475; x_wconf 77' lang='lat' dir='ltr'>visa,</span> <span class='ocrx_word' id='word_1_224' title='bbox 668 2427 874 2480; x_wconf 71' lang='lat' dir='ltr'>similique</span> <span class='ocrx_word' id='word_1_225' title='bbox 891 2428 1011 2466; x_wconf 77' lang='lat' dir='ltr'>morti</span> <span class='ocrx_word' id='word_1_226' title='bbox 1031 2441 1110 2466; x_wconf 78' lang='lat' dir='ltr'>suoe</span> <span class='ocrx_word' id='word_1_227' title='bbox 1132 2427 1261 2481; x_wconf 68' lang='lat' dir='ltr'>Reyz&#39;s</span> <span class='ocrx_word' id='word_1_228' title='bbox 1272 2434 1419 2481; x_wconf 72' lang='lat' dir='ltr'>postea</span> <span class='ocrx_word' id='word_1_229' title='bbox 1441 2429 1623 2469; x_wconf 77' lang='lat' dir='ltr'>Ricardz‘</span> <span class='ocrx_word' id='word_1_230' title='bbox 1643 2436 1770 2470; x_wconf 73' lang='lat' dir='ltr'>morte</span> 
     </span>
     <span class='ocr_line' id='line_1_31' title="bbox 435 2494 610 2532; baseline 0.006 -1"><span class='ocrx_word' id='word_1_231' title='bbox 435 2494 610 2532; x_wconf 71' lang='lat' dir='ltr'>seeuta.2</span> 
     </span>
    </p>
   </div>
   <div class='ocr_carea' id='block_1_5' title="bbox 166 2590 1768 2647">
    <p class='ocr_par' dir='ltr' id='par_1_7' title="bbox 166 2590 1768 2647">
     <span class='ocr_line' id='line_1_32' title="bbox 166 2590 1768 2647; baseline 0.005 -19"><span class='ocrx_word' id='word_1_232' title='bbox 166 2596 260 2620; x_wconf 60' lang='lat' dir='ltr'>Divino</span> <span class='ocrx_word' id='word_1_233' title='bbox 277 2603 361 2620; x_wconf 62' lang='lat' dir='ltr'>warn-</span> <span class='ocrx_word' id='word_1_234' title='bbox 437 2590 669 2631; x_wconf 77' lang='lat' dir='ltr'><strong>VISIONEM</strong></span> <span class='ocrx_word' id='word_1_235' title='bbox 691 2600 833 2632; x_wconf 88' lang='lat' dir='ltr'>autem</span> <span class='ocrx_word' id='word_1_236' title='bbox 855 2608 980 2646; x_wconf 85' lang='lat' dir='ltr'>quam</span> <span class='ocrx_word' id='word_1_237' title='bbox 1005 2593 1107 2634; x_wconf 88' lang='lat' dir='ltr'>vidit</span> <span class='ocrx_word' id='word_1_238' title='bbox 1130 2594 1367 2647; x_wconf 90' lang='lat' dir='ltr'>Anglorum</span> <span class='ocrx_word' id='word_1_239' title='bbox 1388 2595 1489 2636; x_wconf 85' lang='lat' dir='ltr'>Rex</span> <span class='ocrx_word' id='word_1_240' title='bbox 1510 2595 1768 2645; x_wconf 87' lang='lat' dir='ltr'>Willelmus,</span> 
     </span>
    </p>
   </div>
   <div class='ocr_carea' id='block_1_6' title="bbox 164 2628 345 2660">
    <p class='ocr_par' dir='ltr' id='par_1_8' title="bbox 164 2628 345 2660">
     <span class='ocr_line' id='line_1_33' title="bbox 164 2628 345 2660; baseline 0 -8"><span class='ocrx_word' id='word_1_241' title='bbox 164 2629 224 2660; x_wconf 73' lang='lat' dir='ltr'>ings</span> <span class='ocrx_word' id='word_1_242' title='bbox 237 2628 345 2659; x_wconf 76' lang='lat' dir='ltr'>preced-</span> 
     </span>
    </p>
   </div>
   <div class='ocr_carea' id='block_1_7' title="bbox 163 2657 1767 2717">
    <p class='ocr_par' dir='ltr' id='par_1_9' title="bbox 163 2657 1767 2717">
     <span class='ocr_line' id='line_1_34' title="bbox 163 2657 1767 2717; baseline 0.006 -22"><span class='ocrx_word' id='word_1_243' title='bbox 163 2662 210 2688; x_wconf 60' lang='lat' dir='ltr'>inff</span> <span class='ocrx_word' id='word_1_244' title='bbox 223 2662 267 2685; x_wconf 63' lang='lat'>‘¹¹0</span> <span class='ocrx_word' id='word_1_245' title='bbox 280 2661 361 2686; x_wconf 65' lang='lat' dir='ltr'>death</span> <span class='ocrx_word' id='word_1_246' title='bbox 383 2657 588 2698; x_wconf 88' lang='lat' dir='ltr'>Willelmi</span> <span class='ocrx_word' id='word_1_247' title='bbox 610 2658 804 2699; x_wconf 80' lang='lat' dir='ltr'>Bastardi</span> <span class='ocrx_word' id='word_1_248' title='bbox 825 2660 938 2700; x_wconf 88' lang='lat' dir='ltr'>filius</span> <span class='ocrx_word' id='word_1_249' title='bbox 958 2668 1001 2700; x_wconf 84' lang='lat' dir='ltr'>et</span> <span class='ocrx_word' id='word_1_250' title='bbox 1021 2661 1167 2701; x_wconf 84' lang='lat' dir='ltr'>matris</span> <span class='ocrx_word' id='word_1_251' title='bbox 1187 2662 1365 2703; x_wconf 86' lang='lat' dir='ltr'>Henrici</span> <span class='ocrx_word' id='word_1_252' title='bbox 1384 2663 1556 2703; x_wconf 90' lang='lat' dir='ltr'>secundi</span> <span class='ocrx_word' id='word_1_253' title='bbox 1576 2671 1767 2717; x_wconf 82' lang='lat' dir='ltr'>patruus,</span> 
     </span>
    </p>
   </div>
   <div class='ocr_carea' id='block_1_8' title="bbox 162 2691 1770 2841">
    <p class='ocr_par' dir='ltr' id='par_1_10' title="bbox 162 2691 1770 2841">
     <span class='ocr_line' id='line_1_35' title="bbox 162 2691 319 2718; baseline 0.006 -1"><span class='ocrx_word' id='word_1_254' title='bbox 162 2694 192 2718; x_wconf 81' lang='lat' dir='ltr'>of</span> <span class='ocrx_word' id='word_1_255' title='bbox 198 2691 230 2718; x_wconf 70' lang='lat' dir='ltr'>W</span> <span class='ocrx_word' id='word_1_256' title='bbox 236 2694 319 2718; x_wconf 71' lang='lat' dir='ltr'>illium</span> 
     </span>
     <span class='ocr_line' id='line_1_36' title="bbox 163 2727 1770 2793; baseline 0.005 -17"><span class='ocrx_word' id='word_1_257' title='bbox 163 2727 203 2752; x_wconf 74' lang='lat'>11¹</span> <span class='ocrx_word' id='word_1_258' title='bbox 426 2745 433 2763; x_wconf 90' lang='lat'>¹</span> <span class='ocrx_word' id='word_1_259' title='bbox 467 2745 555 2786; x_wconf 71' lang='lat' dir='ltr'>Tati,</span> <span class='ocrx_word' id='word_1_260' title='bbox 574 2745 648 2779; x_wconf 84' lang='lat' dir='ltr'>MS.</span> <span class='ocrx_word' id='word_1_261' title='bbox 1110 2748 1214 2781; x_wconf 85' lang='lat' dir='ltr'>ceded</span> <span class='ocrx_word' id='word_1_262' title='bbox 1256 2749 1312 2782; x_wconf 82' lang='lat' dir='ltr'>the</span> <span class='ocrx_word' id='word_1_263' title='bbox 1350 2744 1451 2783; x_wconf 76' lang='lat' dir='ltr'>death</span> <span class='ocrx_word' id='word_1_264' title='bbox 1484 2751 1522 2783; x_wconf 91' lang='lat' dir='ltr'>of</span> <span class='ocrx_word' id='word_1_265' title='bbox 1558 2751 1679 2793; x_wconf 84' lang='lat' dir='ltr'>Rufus,</span> <span class='ocrx_word' id='word_1_266' title='bbox 1714 2751 1770 2784; x_wconf 78' lang='lat' dir='ltr'>the</span> 
     </span>
     <span class='ocr_line' id='line_1_37' title="bbox 423 2791 1770 2841; baseline 0.005 -18"><span class='ocrx_word' id='word_1_267' title='bbox 423 2792 435 2809; x_wconf 76' lang='lat'><strong>²</strong></span> <span class='ocrx_word' id='word_1_268' title='bbox 460 2791 527 2824; x_wconf 87' lang='lat' dir='ltr'>For</span> <span class='ocrx_word' id='word_1_269' title='bbox 552 2791 609 2824; x_wconf 86' lang='lat' dir='ltr'>the</span> <span class='ocrx_word' id='word_1_270' title='bbox 634 2793 801 2836; x_wconf 81' lang='lat' dir='ltr'>warnings</span> <span class='ocrx_word' id='word_1_271' title='bbox 828 2792 939 2826; x_wconf 86' lang='lat' dir='ltr'>which</span> <span class='ocrx_word' id='word_1_272' title='bbox 965 2805 1037 2837; x_wconf 85' lang='lat' dir='ltr'>pre·</span> <span class='ocrx_word' id='word_1_273' title='bbox 1109 2794 1224 2827; x_wconf 82' lang='lat' dir='ltr'>reader</span> <span class='ocrx_word' id='word_1_274' title='bbox 1252 2795 1279 2828; x_wconf 84' lang='lat' dir='ltr'>is</span> <span class='ocrx_word' id='word_1_275' title='bbox 1297 2796 1443 2829; x_wconf 83' lang='lat' dir='ltr'>referred</span> <span class='ocrx_word' id='word_1_276' title='bbox 1472 2803 1506 2829; x_wconf 90' lang='lat' dir='ltr'>to</span> <span class='ocrx_word' id='word_1_277' title='bbox 1534 2796 1590 2829; x_wconf 81' lang='lat' dir='ltr'>the</span> <span class='ocrx_word' id='word_1_278' title='bbox 1608 2796 1770 2841; x_wconf 84' lang='lat' dir='ltr'>indepen-</span> 
     </span>
    </p>
   </div>
  </div>
 </body>
</html>
