1908 3135
402 259 421 297 1
432 257 485 297 26
819 265 1054 297 GIRAtnus
1090 263 1385 295 CAMBRENSIS

398 365 598 405 infundat
617 365 852 405 orationem
876 379 993 404 suam
1017 378 1145 417 super
1168 362 1397 417 prophetas
1420 375 1530 408 suos,
1554 366 1597 399 et
1615 358 1799 399 maxime

399 433 698 473 instructorem
737 438 944 479 nostrum,
984 430 1190 470 nuncium
1245 444 1369 470 suum
1411 426 1666 468 Mahumeth
1704 441 1801 480 pro-

397 500 582 554 phetam,
621 514 748 553 quem
786 499 902 538 misit
941 512 1018 552 pro
1055 497 1316 537 correctione
1352 502 1481 535 rectae
1520 493 1639 547 legis,
1673 506 1800 546 quam

399 567 527 607 faciet
547 581 748 621 apparere
770 580 897 620 super
919 571 1090 605 cunctas
1111 564 1225 617 leges
1244 579 1314 604 2——

459 638 486 657 “
501 634 661 674 Actum
685 640 836 673 notum
858 632 1060 673 facimus1
1089 631 1203 684 Regi
1227 631 1402 678 sincero,
1432 627 1612 683 potenti,
1634 641 1800 679 magno,

400 702 546 751 amico,
584 700 807 748 amicabili,
846 699 959 753 Regi
1000 697 1256 746 Ahnanniae,
1295 697 1409 751 quod
1449 695 1621 750 quidam
1659 694 1800 742 homo,

402 768 615 809 Henricus
650 767 834 816 nomine,
866 766 984 807 venit
1014 766 1067 806 ad
1103 780 1180 805 nos
1212 764 1367 813 dicens,
1400 779 1442 803 se
1480 762 1685 802 nuncium
1713 775 1803 800 ves-

402 842 515 876 trum
536 851 648 885 esse3
683 842 726 875 et
746 833 901 874 detulit
928 833 1050 873 nobis
1072 832 1283 885 quandam
1308 830 1494 870 chartam
1517 829 1664 883 [quam
1692 827 1804 867 dixit

402 917 490 943 esse
516 907 708 941 vestram.
783 900 872 939 Nos
904 899 1082 939 fecimus
1117 898 1202 952 legi
1231 898 1417 938 chartam
1430 897 1464 950 2]
1494 909 1537 937 et
1564 896 1803 936 audivimus

403 984 500 1009 eum
520 968 613 1008 viva
640 982 739 1008 voce
770 967 1032 1020 loquentem,
1062 973 1105 1006 et
1124 965 1262 1006 verbis
1294 979 1390 1018 quae
1417 979 1487 1004 ore
1518 963 1643 1012 dixit,
1665 962 1803 1003 verbis

402 1035 719 1089 respondimus3
753 1035 825 1074 sed
845 1034 923 1074 hoc
941 1040 1004 1074 est
1024 1047 1272 1087 responsum
1289 1038 1429 1072 cartae,
1491 1031 1622 1073 Quod
1642 1030 1676 1070 si
1693 1044 1804 1070 com-

402 1102 562 1157 putatis
594 1117 664 1142 eos
695 1101 770 1155 qui
798 1101 1015 1142 vobiscum
1053 1100 1310 1140 concordant
1330 1098 1524 1138 veniendi
1552 1112 1679 1152 super
1712 1111 1802 1145 nos,

404 1176 448 1210 et
485 1169 711 1209 nominatis
751 1183 822 1209 eos
862 1168 1031 1217 dicens3
1081 1167 1182 1207 Rex
1211 1166 1307 1206 talis
1348 1172 1487 1213 terrae,
1524 1172 1567 1205 et
1606 1165 1708 1205 Rex
1745 1164 1804 1204 al-

405 1236 537 1276 terius
577 1242 715 1284 terrae,
764 1243 807 1276 et
846 1248 985 1275 comes
1028 1233 1134 1283 talis,
1177 1240 1220 1273 et
1261 1232 1366 1272 tales
1405 1231 1724 1286 archiepiscopi,
1762 1237 1805 1271 et

405 1303 665 1343 marchiones
690 1309 733 1342 et
762 1302 945 1352 milites3
979 1308 1021 1341 et
1057 1301 1092 1340 si
1123 1315 1199 1340 1105
1229 1299 1431 1340 veHemus
1463 1313 1708 1339 enumerare
1734 1312 1804 1338 605

408 1371 482 1424 qui
504 1378 604 1410 sunt
623 1370 668 1410 in
688 1376 831 1410 nostro
853 1368 1037 1417 servitio,
1061 1375 1103 1409 et
1124 1368 1199 1421 qui
1230 1374 1330 1408 sunt
1360 1366 1630 1406 intendentes
1660 1372 1804 1406 nostro

406 1445 636 1492 praecepto,
673 1444 716 1477 et
750 1436 937 1491 prompti
968 1442 1113 1476 nostro
1141 1434 1338 1483 sermoni,
1372 1440 1415 1474 et
1451 1434 1525 1487 qui
1559 1433 1806 1473 dimicarent

408 1520 545 1544 eoram
577 1504 730 1544 nostris
751 1504 960 1552 manibus,
992 1517 1077 1542 non
1105 1509 1249 1556 posset
1270 1502 1351 1542 hoc
1382 1502 1426 1541 in
1458 1500 1623 1554 scriptis
1654 1498 1803 1552 redigi.

408 1572 468 1612 Et
508 1571 541 1611 si
583 1571 921 1611 Christianorum
960 1569 1214 1623 computatis
1254 1568 1439 1617 nomina,
1481 1567 1804 1607 Sarracenorum

408 1646 507 1679 sunt
544 1638 666 1692 plura
704 1644 747 1677 et
784 1637 908 1691 plura
957 1635 1243 1676 abundantius
1284 1650 1412 1688 quam
1453 1633 1804 1674 Christianorum.

407 1706 468 1746 Et
499 1706 533 1745 si
570 1705 680 1745 inter
710 1719 783 1744 vos
819 1710 862 1743 et
891 1718 960 1743 eos
986 1717 1092 1755 quos
1122 1701 1369 1741 nominastis
1399 1700 1657 1741 Christianos
1693 1714 1806 1739 mare

408 1780 484 1822 est,
521 1772 633 1812 inter
669 1771 919 1811 Sarracenos
955 1769 1030 1823 qui
1064 1783 1149 1808 non
1183 1775 1363 1822 possunt
1395 1767 1594 1808 aestimari
1626 1781 1710 1806 non
1744 1772 1808 1806 est

408 1856 520 1881 mare
551 1840 662 1880 inter
682 1854 757 1879 nos
780 1845 823 1878 et
844 1853 927 1887 eos,
961 1851 1038 1877 nec
1069 1836 1206 1876 ullum
1236 1835 1591 1890 impedimentum
1611 1834 1805 1874 veniendi

409 1909 461 1948 ad
480 1922 567 1948 nos.
612 1908 672 1948 Et
692 1905 911 1946 nobiscum
933 1911 1033 1944 sunt
1054 1903 1288 1952 Bedewini,
1312 1917 1418 1956 quos
1440 1901 1475 1941 si
1497 1915 1806 1955 opponeremus

408 1975 589 2015 inimicis
610 1973 776 2021 nostris,
799 1972 1068 2020 sufficerent3
1103 1976 1145 2009 et
1168 1968 1473 2017 Turkemanni,
1493 1982 1599 2021 quos
1618 1966 1651 2007 si
1674 1966 1809 2007 effun—

410 2043 602 2083 deremus
632 2055 758 2094 super
786 2039 928 2079 hostes
958 2044 1134 2085 nostros,
1157 2037 1425 2076 destruerent
1447 2049 1543 2084 eos3
1589 2041 1631 2074 et
1659 2033 1807 2073 rustici

410 2109 554 2158 nostri,
578 2108 653 2161 qui
675 2107 923 2146 dimicarent
943 2111 1127 2152 strenue,
1151 2103 1184 2142 si
1210 2103 1473 2156 juberemus,
1497 2109 1641 2141 contra
1660 2107 1807 2154 gentes

413 2191 509 2230 quae
531 2183 720 2216 venturae
747 2180 846 2213 sunt
875 2186 1002 2226 super
1033 2178 1187 2211 terram
1213 2176 1411 2217 nostram,
1435 2176 1478 2208 et
1499 2168 1737 2208 ditarentur
1759 2168 1808 2207 de

412 2244 484 2293 eis,
504 2250 546 2283 et
567 2241 899 2283 exterminarent
916 2254 997 2279 eaS.
1038 2238 1099 2278 Et
1117 2236 1343 2290 quomodo,
1360 2250 1435 2275 nos
1451 2235 1654 2275 habemus
1668 2235 1809 2274 nobis--

412 2325 507 2350 cum
531 2309 733 2349 Soldanos
753 2305 989 2354 bellicosos,
1007 2319 1083 2359 per
1100 2319 1205 2357 quos
1228 2311 1380 2343 terram
1403 2309 1588 2356 apertam
1605 2302 1809 2341 habemus

413 2385 455 2418 et
476 2377 739 2430 acquisitam,
762 2382 806 2415 et
826 2379 1094 2429 expugnatos
1114 2372 1306 2412 inimicos
1324 2388 1333 2420 3
1367 2377 1410 2410 et
1429 2370 1474 2410 hi
1503 2385 1646 2410 omnes
1667 2369 1810 2423 Reges

414 2444 689 2498 Paganissimi
718 2457 803 2482 non
824 2442 1067 2489 tardabunt,
1091 2455 1184 2480 cum
1207 2454 1277 2479 eos
1307 2437 1703 2486 summonuerimus,
1725 2451 1809 2476 non

412 2512 690 2551 morabuntur
713 2524 808 2549 cum
829 2524 899 2548 eos
919 2507 1217 2548 vocaverimus.
1279 2505 1340 2545 Et
1359 2520 1431 2545 vos
1453 2519 1548 2544 cum
1569 2503 1810 2557 congregati

413 2577 594 2626 fueritis,
624 2577 732 2615 sicut
763 2582 876 2615 carta
905 2580 1043 2614 vestra
1074 2573 1189 2622 dicit,
1225 2579 1267 2613 et
1298 2573 1454 2612 ducens
1478 2571 1809 2620 multitudinem,

415 2642 524 2680 sicut
544 2640 719 2679 nuntius
735 2645 872 2678 vester
892 2644 1045 2685 narrat,
1065 2637 1328 2677 obviabimus
1344 2637 1462 2676 vobis
1483 2650 1558 2689 per
1577 2634 1810 2688 potentiam

416 2708 522 2757 Dei3
556 2722 630 2747 nec
662 2706 844 2746 sufficiet
864 2705 982 2744 vobis
1014 2711 1124 2744 terra
1154 2704 1247 2753 ista,
1272 2718 1369 2757 quae
1402 2709 1465 2743 est
1494 2701 1717 2751 maritima,
1738 2701 1810 2740 sed

693 2794 702 2813 ¹
730 2793 808 2827 Om.
826 2792 991 2825 Martenc.
1319 2790 1331 2808 ²
1357 2790 1434 2822 Om.
1454 2788 1529 2821 MS.
