<?xml version="1.0" encoding="UTF-8"?>
<!DOCTYPE html PUBLIC "-//W3C//DTD XHTML 1.0 Transitional//EN"
    "http://www.w3.org/TR/xhtml1/DTD/xhtml1-transitional.dtd">
<html xmlns="http://www.w3.org/1999/xhtml" xml:lang="en" lang="en">
 <head>
  <title>
</title>
<meta http-equiv="Content-Type" content="text/html;charset=utf-8" />
  <meta name='ocr-system' content='tesseract 3.04.00' />
  <meta name='ocr-capabilities' content='ocr_page ocr_carea ocr_par ocr_line ocrx_word'/>
</head>
<body>
  <div class='ocr_page' id='page_1' title='image "./giralduscambrens03girauoft_0194.png"; bbox 0 0 1908 3135; ppageno 0'>
   <div class='ocr_carea' id='block_1_1' title="bbox 374 250 1365 295">
    <p class='ocr_par' dir='ltr' id='par_1_1' title="bbox 374 250 1365 295">
     <span class='ocr_line' id='line_1_1' title="bbox 374 250 1365 295; baseline 0.007 -6"><span class='ocrx_word' id='word_1_1' title='bbox 374 250 456 290; x_wconf 76' lang='lat'>154</span> <span class='ocrx_word' id='word_1_2' title='bbox 785 260 1027 295; x_wconf 76' lang='lat' dir='ltr'><strong>GIRALDUS</strong></span> <span class='ocrx_word' id='word_1_3' title='bbox 1064 262 1365 295; x_wconf 76' lang='lat' dir='ltr'>CAMBRENSIS</span> 
     </span>
    </p>
   </div>
   <div class='ocr_carea' id='block_1_2' title="bbox 370 361 1775 2766">
    <p class='ocr_par' dir='ltr' id='par_1_2' title="bbox 370 361 1775 820">
     <span class='ocr_line' id='line_1_2' title="bbox 429 361 1774 417; baseline 0.001 -16"><span class='ocrx_word' id='word_1_4' title='bbox 429 361 643 411; x_wconf 88' lang='lat' dir='ltr'>Preterea,</span> <span class='ocrx_word' id='word_1_5' title='bbox 668 362 850 415; x_wconf 82' lang='lat' dir='ltr'>qualiter</span> <span class='ocrx_word' id='word_1_6' title='bbox 879 362 1016 403; x_wconf 87' lang='lat' dir='ltr'>dictus</span> <span class='ocrx_word' id='word_1_7' title='bbox 1038 362 1300 417; x_wconf 86' lang='lat' dir='ltr'>Andegaviae</span> <span class='ocrx_word' id='word_1_8' title='bbox 1338 363 1489 404; x_wconf 89' lang='lat' dir='ltr'>Comes</span> <span class='ocrx_word' id='word_1_9' title='bbox 1512 362 1774 412; x_wconf 84' lang='lat' dir='ltr'>Gaufredus,</span> 
     </span>
     <span class='ocr_line' id='line_1_3' title="bbox 370 428 1774 484; baseline 0.001 -16"><span class='ocrx_word' id='word_1_10' title='bbox 370 428 413 468; x_wconf 89' lang='lat' dir='ltr'>in</span> <span class='ocrx_word' id='word_1_11' title='bbox 430 435 622 469; x_wconf 88' lang='lat' dir='ltr'>sanctum</span> <span class='ocrx_word' id='word_1_12' title='bbox 643 429 881 469; x_wconf 86' lang='lat' dir='ltr'>Gerardum</span> <span class='ocrx_word' id='word_1_13' title='bbox 906 429 1150 482; x_wconf 88' lang='lat' dir='ltr'>Sagiensem</span> <span class='ocrx_word' id='word_1_14' title='bbox 1171 430 1416 484; x_wconf 87' lang='lat' dir='ltr'>episcopum</span> <span class='ocrx_word' id='word_1_15' title='bbox 1437 431 1688 471; x_wconf 87' lang='lat' dir='ltr'>eunucando</span> <span class='ocrx_word' id='word_1_16' title='bbox 1703 431 1774 470; x_wconf 91' lang='lat' dir='ltr'>de-</span> 
     </span>
     <span class='ocr_line' id='line_1_4' title="bbox 371 495 1772 551; baseline 0.001 -16"><span class='ocrx_word' id='word_1_17' title='bbox 371 495 504 545; x_wconf 88' lang='lat' dir='ltr'>saevit,</span> <span class='ocrx_word' id='word_1_18' title='bbox 543 503 586 536; x_wconf 87' lang='lat' dir='ltr'>et</span> <span class='ocrx_word' id='word_1_19' title='bbox 624 496 667 536; x_wconf 92' lang='lat' dir='ltr'>in</span> <span class='ocrx_word' id='word_1_20' title='bbox 711 496 925 537; x_wconf 79' lang='lat' dir='ltr'><strong>Christum</strong></span> <span class='ocrx_word' id='word_1_21' title='bbox 964 495 1139 537; x_wconf 83' lang='lat' dir='ltr'>Domini</span> <span class='ocrx_word' id='word_1_22' title='bbox 1178 503 1372 537; x_wconf 88' lang='lat' dir='ltr'>cruentas</span> <span class='ocrx_word' id='word_1_23' title='bbox 1412 512 1561 537; x_wconf 89' lang='lat' dir='ltr'>manus</span> <span class='ocrx_word' id='word_1_24' title='bbox 1597 497 1772 551; x_wconf 82' lang='lat' dir='ltr'>injecit3</span> 
     </span>
     <span class='ocr_line' id='line_1_5' title="bbox 372 562 1775 620; baseline 0 -17"><span class='ocrx_word' id='word_1_25' title='bbox 372 563 555 617; x_wconf 81' lang='lat' dir='ltr'>qualiter</span> <span class='ocrx_word' id='word_1_26' title='bbox 579 563 708 604; x_wconf 89' lang='lat' dir='ltr'>etiam</span> <span class='ocrx_word' id='word_1_27' title='bbox 742 563 845 604; x_wconf 86' lang='lat' dir='ltr'>Rex</span> <span class='ocrx_word' id='word_1_28' title='bbox 876 562 1104 612; x_wconf 88' lang='lat' dir='ltr'>Henricus,</span> <span class='ocrx_word' id='word_1_29' title='bbox 1138 578 1162 603; x_wconf 91' lang='lat' dir='ltr'>a</span> <span class='ocrx_word' id='word_1_30' title='bbox 1191 571 1369 618; x_wconf 88' lang='lat' dir='ltr'>paterno</span> <span class='ocrx_word' id='word_1_31' title='bbox 1398 563 1553 620; x_wconf 87' lang='lat' dir='ltr'>scelere</span> <span class='ocrx_word' id='word_1_32' title='bbox 1585 579 1671 603; x_wconf 87' lang='lat' dir='ltr'>non</span> <span class='ocrx_word' id='word_1_33' title='bbox 1703 564 1775 604; x_wconf 88' lang='lat' dir='ltr'>de-</span> 
     </span>
     <span class='ocr_line' id='line_1_6' title="bbox 371 630 1774 685; baseline -0.001 -14"><span class='ocrx_word' id='word_1_34' title='bbox 371 646 588 685; x_wconf 82' lang='lat' dir='ltr'>generans,</span> <span class='ocrx_word' id='word_1_35' title='bbox 638 631 684 671; x_wconf 89' lang='lat' dir='ltr'>in</span> <span class='ocrx_word' id='word_1_36' title='bbox 722 631 896 672; x_wconf 90' lang='lat' dir='ltr'>beatum</span> <span class='ocrx_word' id='word_1_37' title='bbox 933 638 1161 685; x_wconf 82' lang='lat' dir='ltr'>martyrem</span> <span class='ocrx_word' id='word_1_38' title='bbox 1202 631 1410 671; x_wconf 88' lang='lat' dir='ltr'>Thomam</span> <span class='ocrx_word' id='word_1_39' title='bbox 1449 630 1632 671; x_wconf 84' lang='lat' dir='ltr'>insanire</span> <span class='ocrx_word' id='word_1_40' title='bbox 1663 646 1774 685; x_wconf 83' lang='lat' dir='ltr'>prae-</span> 
     </span>
     <span class='ocr_line' id='line_1_7' title="bbox 372 698 1774 753; baseline -0.001 -14"><span class='ocrx_word' id='word_1_41' title='bbox 372 699 583 753; x_wconf 89' lang='lat' dir='ltr'>sumpsit;</span> <span class='ocrx_word' id='word_1_42' title='bbox 626 699 680 739; x_wconf 87' lang='lat' dir='ltr'>ad</span> <span class='ocrx_word' id='word_1_43' title='bbox 708 705 958 753; x_wconf 89' lang='lat' dir='ltr'>perpetuam</span> <span class='ocrx_word' id='word_1_44' title='bbox 996 698 1160 751; x_wconf 85' lang='lat' dir='ltr'>generis</span> <span class='ocrx_word' id='word_1_45' title='bbox 1191 698 1323 739; x_wconf 88' lang='lat' dir='ltr'>totius</span> <span class='ocrx_word' id='word_1_46' title='bbox 1353 698 1628 752; x_wconf 86' lang='lat' dir='ltr'>ignominiam</span> <span class='ocrx_word' id='word_1_47' title='bbox 1658 705 1774 739; x_wconf 86' lang='lat' dir='ltr'>utra-</span> 
     </span>
     <span class='ocr_line' id='line_1_8' title="bbox 375 766 1032 820; baseline -0.002 -14"><span class='ocrx_word' id='word_1_48' title='bbox 375 782 456 820; x_wconf 92' lang='lat' dir='ltr'>que</span> <span class='ocrx_word' id='word_1_49' title='bbox 477 766 602 806; x_wconf 87' lang='lat' dir='ltr'>nimis</span> <span class='ocrx_word' id='word_1_50' title='bbox 623 773 687 807; x_wconf 85' lang='lat' dir='ltr'>est</span> <span class='ocrx_word' id='word_1_51' title='bbox 706 766 881 806; x_wconf 86' lang='lat' dir='ltr'>historia</span> <span class='ocrx_word' id='word_1_52' title='bbox 899 768 1032 805; x_wconf 87' lang='lat' dir='ltr'>nota.l</span> 
     </span>
    </p>

    <p class='ocr_par' dir='ltr' id='par_1_3' title="bbox 372 831 1775 1949">
     <span class='ocr_line' id='line_1_9' title="bbox 431 831 1775 885; baseline -0.001 -12"><span class='ocrx_word' id='word_1_53' title='bbox 431 833 556 882; x_wconf 82' lang='lat' dir='ltr'>Item,</span> <span class='ocrx_word' id='word_1_54' title='bbox 582 832 806 873; x_wconf 86' lang='lat' dir='ltr'>Comitissa</span> <span class='ocrx_word' id='word_1_55' title='bbox 839 832 1032 885; x_wconf 79' lang='lat' dir='ltr'>quaedam</span> <span class='ocrx_word' id='word_1_56' title='bbox 1066 831 1342 884; x_wconf 85' lang='lat' dir='ltr'>Andegaviae,</span> <span class='ocrx_word' id='word_1_57' title='bbox 1364 832 1512 872; x_wconf 85' lang='lat' dir='ltr'>formae</span> <span class='ocrx_word' id='word_1_58' title='bbox 1535 831 1775 885; x_wconf 79' lang='lat' dir='ltr'>conspicuae</span> 
     </span>
     <span class='ocr_line' id='line_1_10' title="bbox 374 898 1774 952; baseline -0.001 -12"><span class='ocrx_word' id='word_1_59' title='bbox 374 901 446 941; x_wconf 87' lang='lat' dir='ltr'>sed</span> <span class='ocrx_word' id='word_1_60' title='bbox 494 900 677 940; x_wconf 88' lang='lat' dir='ltr'>nationis</span> <span class='ocrx_word' id='word_1_61' title='bbox 724 900 898 952; x_wconf 86' lang='lat' dir='ltr'>ignotae,</span> <span class='ocrx_word' id='word_1_62' title='bbox 940 906 983 939; x_wconf 91' lang='lat' dir='ltr'>et</span> <span class='ocrx_word' id='word_1_63' title='bbox 1031 914 1055 938; x_wconf 91' lang='lat' dir='ltr'>a</span> <span class='ocrx_word' id='word_1_64' title='bbox 1097 898 1263 938; x_wconf 88' lang='lat' dir='ltr'>Comite</span> <span class='ocrx_word' id='word_1_65' title='bbox 1303 899 1356 939; x_wconf 89' lang='lat' dir='ltr'>ob</span> <span class='ocrx_word' id='word_1_66' title='bbox 1407 899 1538 938; x_wconf 86' lang='lat' dir='ltr'>solam</span> <span class='ocrx_word' id='word_1_67' title='bbox 1588 898 1774 952; x_wconf 86' lang='lat' dir='ltr'>corporis</span> 
     </span>
     <span class='ocr_line' id='line_1_11' title="bbox 374 965 1775 1020; baseline -0.001 -13"><span class='ocrx_word' id='word_1_68' title='bbox 374 967 627 1020; x_wconf 82' lang='lat' dir='ltr'>elegantiam</span> <span class='ocrx_word' id='word_1_69' title='bbox 667 967 820 1014; x_wconf 86' lang='lat' dir='ltr'>ductae,</span> <span class='ocrx_word' id='word_1_70' title='bbox 862 966 914 1005; x_wconf 87' lang='lat' dir='ltr'>ad</span> <span class='ocrx_word' id='word_1_71' title='bbox 955 965 1172 1006; x_wconf 86' lang='lat' dir='ltr'>ecclesiam</span> <span class='ocrx_word' id='word_1_72' title='bbox 1212 980 1305 1005; x_wconf 89' lang='lat' dir='ltr'>raro</span> <span class='ocrx_word' id='word_1_73' title='bbox 1337 965 1549 1015; x_wconf 86' lang='lat' dir='ltr'>veniebat,</span> <span class='ocrx_word' id='word_1_74' title='bbox 1591 973 1634 1005; x_wconf 89' lang='lat' dir='ltr'>et</span> <span class='ocrx_word' id='word_1_75' title='bbox 1673 972 1775 1005; x_wconf 90' lang='lat' dir='ltr'>tunc</span> 
     </span>
     <span class='ocr_line' id='line_1_12' title="bbox 373 1032 1774 1088; baseline -0.001 -14"><span class='ocrx_word' id='word_1_76' title='bbox 373 1035 417 1074; x_wconf 85' lang='lat' dir='ltr'>in</span> <span class='ocrx_word' id='word_1_77' title='bbox 454 1049 502 1074; x_wconf 84' lang='lat' dir='ltr'>ea</span> <span class='ocrx_word' id='word_1_78' title='bbox 539 1049 690 1088; x_wconf 86' lang='lat' dir='ltr'>parum</span> <span class='ocrx_word' id='word_1_79' title='bbox 724 1034 787 1074; x_wconf 94' lang='lat' dir='ltr'>vel</span> <span class='ocrx_word' id='word_1_80' title='bbox 827 1033 934 1073; x_wconf 90' lang='lat' dir='ltr'>nihil</span> <span class='ocrx_word' id='word_1_81' title='bbox 975 1032 1209 1074; x_wconf 89' lang='lat' dir='ltr'>devotionis</span> <span class='ocrx_word' id='word_1_82' title='bbox 1250 1032 1514 1082; x_wconf 82' lang='lat' dir='ltr'>ostendebat,</span> <span class='ocrx_word' id='word_1_83' title='bbox 1555 1047 1774 1086; x_wconf 89' lang='lat' dir='ltr'>nunquam</span> 
     </span>
     <span class='ocr_line' id='line_1_13' title="bbox 373 1099 1775 1155; baseline -0.001 -14"><span class='ocrx_word' id='word_1_84' title='bbox 373 1108 515 1142; x_wconf 87' lang='lat' dir='ltr'>autem</span> <span class='ocrx_word' id='word_1_85' title='bbox 551 1116 686 1155; x_wconf 88' lang='lat' dir='ltr'>usque</span> <span class='ocrx_word' id='word_1_86' title='bbox 709 1101 761 1141; x_wconf 86' lang='lat' dir='ltr'>ad</span> <span class='ocrx_word' id='word_1_87' title='bbox 793 1115 996 1141; x_wconf 85' lang='lat' dir='ltr'>canonem</span> <span class='ocrx_word' id='word_1_88' title='bbox 1024 1100 1171 1141; x_wconf 85' lang='lat' dir='ltr'>Missae</span> <span class='ocrx_word' id='word_1_89' title='bbox 1198 1106 1407 1140; x_wconf 87' lang='lat' dir='ltr'>secretum</span> <span class='ocrx_word' id='word_1_90' title='bbox 1438 1100 1483 1140; x_wconf 90' lang='lat' dir='ltr'>in</span> <span class='ocrx_word' id='word_1_91' title='bbox 1505 1099 1679 1140; x_wconf 86' lang='lat' dir='ltr'>ecclesia</span> <span class='ocrx_word' id='word_1_92' title='bbox 1710 1114 1775 1139; x_wconf 90' lang='lat' dir='ltr'>re-</span> 
     </span>
     <span class='ocr_line' id='line_1_14' title="bbox 373 1167 1774 1222; baseline -0.001 -14"><span class='ocrx_word' id='word_1_93' title='bbox 373 1169 584 1217; x_wconf 81' lang='lat' dir='ltr'>manebat,</span> <span class='ocrx_word' id='word_1_94' title='bbox 606 1169 678 1208; x_wconf 89' lang='lat' dir='ltr'>sed</span> <span class='ocrx_word' id='word_1_95' title='bbox 709 1169 793 1208; x_wconf 89' lang='lat' dir='ltr'>cito</span> <span class='ocrx_word' id='word_1_96' title='bbox 823 1175 920 1222; x_wconf 88' lang='lat' dir='ltr'>post</span> <span class='ocrx_word' id='word_1_97' title='bbox 940 1167 1224 1221; x_wconf 87' lang='lat' dir='ltr'>Evangelium</span> <span class='ocrx_word' id='word_1_98' title='bbox 1255 1182 1421 1221; x_wconf 86' lang='lat' dir='ltr'>semper</span> <span class='ocrx_word' id='word_1_99' title='bbox 1447 1167 1566 1206; x_wconf 83' lang='lat' dir='ltr'>exire</span> <span class='ocrx_word' id='word_1_100' title='bbox 1597 1167 1774 1207; x_wconf 85' lang='lat' dir='ltr'>solebat.</span> 
     </span>
     <span class='ocr_line' id='line_1_15' title="bbox 375 1233 1774 1288; baseline -0.002 -12"><span class='ocrx_word' id='word_1_101' title='bbox 375 1236 564 1276; x_wconf 84' lang='lat' dir='ltr'>Tandem</span> <span class='ocrx_word' id='word_1_102' title='bbox 604 1242 744 1275; x_wconf 91' lang='lat' dir='ltr'>tamen</span> <span class='ocrx_word' id='word_1_103' title='bbox 783 1242 869 1275; x_wconf 87' lang='lat' dir='ltr'>tam</span> <span class='ocrx_word' id='word_1_104' title='bbox 908 1250 930 1274; x_wconf 91' lang='lat' dir='ltr'>a</span> <span class='ocrx_word' id='word_1_105' title='bbox 972 1233 1138 1274; x_wconf 88' lang='lat' dir='ltr'>Comite</span> <span class='ocrx_word' id='word_1_106' title='bbox 1180 1249 1307 1288; x_wconf 87' lang='lat' dir='ltr'>quam</span> <span class='ocrx_word' id='word_1_107' title='bbox 1346 1234 1398 1274; x_wconf 88' lang='lat' dir='ltr'>ab</span> <span class='ocrx_word' id='word_1_108' title='bbox 1434 1234 1526 1274; x_wconf 83' lang='lat' dir='ltr'>aliis</span> <span class='ocrx_word' id='word_1_109' title='bbox 1564 1234 1644 1274; x_wconf 87' lang='lat' dir='ltr'>hoc</span> <span class='ocrx_word' id='word_1_110' title='bbox 1677 1248 1774 1274; x_wconf 91' lang='lat' dir='ltr'>cum</span> 
     </span>
     <span class='ocr_line' id='line_1_16' title="bbox 373 1301 1775 1351; baseline -0.001 -8"><span class='ocrx_word' id='word_1_111' title='bbox 373 1303 649 1344; x_wconf 84' lang='lat' dir='ltr'>admiratione</span> <span class='ocrx_word' id='word_1_112' title='bbox 670 1309 830 1351; x_wconf 87' lang='lat' dir='ltr'>notato,</span> <span class='ocrx_word' id='word_1_113' title='bbox 855 1317 951 1342; x_wconf 90' lang='lat' dir='ltr'>cum</span> <span class='ocrx_word' id='word_1_114' title='bbox 981 1301 1033 1342; x_wconf 89' lang='lat' dir='ltr'>ad</span> <span class='ocrx_word' id='word_1_115' title='bbox 1055 1301 1271 1342; x_wconf 91' lang='lat' dir='ltr'>ecclesiam</span> <span class='ocrx_word' id='word_1_116' title='bbox 1301 1301 1374 1341; x_wconf 90' lang='lat' dir='ltr'>illa</span> <span class='ocrx_word' id='word_1_117' title='bbox 1394 1301 1577 1341; x_wconf 86' lang='lat' dir='ltr'>venisset</span> <span class='ocrx_word' id='word_1_118' title='bbox 1598 1307 1642 1341; x_wconf 91' lang='lat' dir='ltr'>et</span> <span class='ocrx_word' id='word_1_119' title='bbox 1671 1301 1775 1341; x_wconf 89' lang='lat' dir='ltr'>hora</span> 
     </span>
     <span class='ocr_line' id='line_1_17' title="bbox 373 1368 1772 1423; baseline -0.001 -13"><span class='ocrx_word' id='word_1_120' title='bbox 373 1370 497 1410; x_wconf 83' lang='lat' dir='ltr'>solita</span> <span class='ocrx_word' id='word_1_121' title='bbox 523 1369 639 1410; x_wconf 88' lang='lat' dir='ltr'>exire</span> <span class='ocrx_word' id='word_1_122' title='bbox 676 1376 856 1423; x_wconf 84' lang='lat' dir='ltr'>pararet,</span> <span class='ocrx_word' id='word_1_123' title='bbox 878 1368 1024 1410; x_wconf 87' lang='lat' dir='ltr'>videns</span> <span class='ocrx_word' id='word_1_124' title='bbox 1054 1384 1077 1409; x_wconf 91' lang='lat' dir='ltr'>a</span> <span class='ocrx_word' id='word_1_125' title='bbox 1107 1376 1290 1422; x_wconf 87' lang='lat' dir='ltr'>quatuor</span> <span class='ocrx_word' id='word_1_126' title='bbox 1319 1368 1527 1408; x_wconf 86' lang='lat' dir='ltr'>militibus</span> <span class='ocrx_word' id='word_1_127' title='bbox 1554 1375 1772 1423; x_wconf 84' lang='lat' dir='ltr'>praecepto</span> 
     </span>
     <span class='ocr_line' id='line_1_18' title="bbox 376 1435 1773 1490; baseline 0 -14"><span class='ocrx_word' id='word_1_128' title='bbox 376 1436 554 1477; x_wconf 88' lang='lat' dir='ltr'>Comitis</span> <span class='ocrx_word' id='word_1_129' title='bbox 585 1451 628 1476; x_wconf 90' lang='lat' dir='ltr'>se</span> <span class='ocrx_word' id='word_1_130' title='bbox 660 1436 847 1485; x_wconf 91' lang='lat' dir='ltr'>retineri,</span> <span class='ocrx_word' id='word_1_131' title='bbox 878 1437 1036 1490; x_wconf 85' lang='lat' dir='ltr'>rejecto</span> <span class='ocrx_word' id='word_1_132' title='bbox 1065 1436 1207 1476; x_wconf 87' lang='lat' dir='ltr'>statim</span> <span class='ocrx_word' id='word_1_133' title='bbox 1243 1436 1372 1490; x_wconf 89' lang='lat' dir='ltr'>pallio</span> <span class='ocrx_word' id='word_1_134' title='bbox 1403 1451 1479 1490; x_wconf 88' lang='lat' dir='ltr'>per</span> <span class='ocrx_word' id='word_1_135' title='bbox 1510 1435 1625 1489; x_wconf 91' lang='lat' dir='ltr'>quod</span> <span class='ocrx_word' id='word_1_136' title='bbox 1654 1442 1773 1476; x_wconf 88' lang='lat' dir='ltr'>tene-</span> 
     </span>
     <span class='ocr_line' id='line_1_19' title="bbox 374 1503 1771 1557; baseline 0 -14"><span class='ocrx_word' id='word_1_137' title='bbox 374 1504 514 1554; x_wconf 86' lang='lat' dir='ltr'>batur,</span> <span class='ocrx_word' id='word_1_138' title='bbox 560 1510 603 1544; x_wconf 87' lang='lat' dir='ltr'>et</span> <span class='ocrx_word' id='word_1_139' title='bbox 643 1504 807 1543; x_wconf 88' lang='lat' dir='ltr'>duobus</span> <span class='ocrx_word' id='word_1_140' title='bbox 856 1503 954 1543; x_wconf 89' lang='lat' dir='ltr'>filiis</span> <span class='ocrx_word' id='word_1_141' title='bbox 1004 1503 1089 1543; x_wconf 89' lang='lat' dir='ltr'>suis</span> <span class='ocrx_word' id='word_1_142' title='bbox 1137 1503 1288 1557; x_wconf 89' lang='lat' dir='ltr'>parvis,</span> <span class='ocrx_word' id='word_1_143' title='bbox 1329 1519 1435 1557; x_wconf 92' lang='lat' dir='ltr'>quos</span> <span class='ocrx_word' id='word_1_144' title='bbox 1488 1504 1566 1543; x_wconf 89' lang='lat' dir='ltr'>sub</span> <span class='ocrx_word' id='word_1_145' title='bbox 1617 1504 1771 1543; x_wconf 85' lang='lat' dir='ltr'>dextro</span> 
     </span>
     <span class='ocr_line' id='line_1_20' title="bbox 374 1570 1771 1626; baseline 0 -15"><span class='ocrx_word' id='word_1_146' title='bbox 374 1571 493 1626; x_wconf 85' lang='lat' dir='ltr'>pallii</span> <span class='ocrx_word' id='word_1_147' title='bbox 527 1586 667 1625; x_wconf 85' lang='lat' dir='ltr'>panno</span> <span class='ocrx_word' id='word_1_148' title='bbox 698 1585 838 1610; x_wconf 89' lang='lat' dir='ltr'>secum</span> <span class='ocrx_word' id='word_1_149' title='bbox 872 1571 1069 1619; x_wconf 89' lang='lat' dir='ltr'>habebat,</span> <span class='ocrx_word' id='word_1_150' title='bbox 1092 1570 1153 1611; x_wconf 92' lang='lat' dir='ltr'>ibi</span> <span class='ocrx_word' id='word_1_151' title='bbox 1187 1570 1345 1611; x_wconf 89' lang='lat' dir='ltr'>relictis</span> <span class='ocrx_word' id='word_1_152' title='bbox 1366 1585 1461 1611; x_wconf 89' lang='lat' dir='ltr'>cum</span> <span class='ocrx_word' id='word_1_153' title='bbox 1483 1571 1646 1620; x_wconf 86' lang='lat' dir='ltr'>ceteris,</span> <span class='ocrx_word' id='word_1_154' title='bbox 1678 1571 1771 1611; x_wconf 87' lang='lat' dir='ltr'>aliis</span> 
     </span>
     <span class='ocr_line' id='line_1_21' title="bbox 374 1637 1771 1692; baseline -0.001 -13"><span class='ocrx_word' id='word_1_155' title='bbox 374 1639 540 1679; x_wconf 91' lang='lat' dir='ltr'>duobus</span> <span class='ocrx_word' id='word_1_156' title='bbox 577 1638 651 1691; x_wconf 89' lang='lat' dir='ltr'>qui</span> <span class='ocrx_word' id='word_1_157' title='bbox 688 1638 856 1678; x_wconf 87' lang='lat' dir='ltr'>stabant</span> <span class='ocrx_word' id='word_1_158' title='bbox 891 1652 914 1677; x_wconf 89' lang='lat' dir='ltr'>a</span> <span class='ocrx_word' id='word_1_159' title='bbox 949 1637 1117 1677; x_wconf 88' lang='lat' dir='ltr'>sinistra</span> <span class='ocrx_word' id='word_1_160' title='bbox 1152 1638 1229 1678; x_wconf 89' lang='lat' dir='ltr'>sub</span> <span class='ocrx_word' id='word_1_161' title='bbox 1264 1638 1437 1679; x_wconf 89' lang='lat' dir='ltr'>brachio</span> <span class='ocrx_word' id='word_1_162' title='bbox 1472 1638 1663 1692; x_wconf 85' lang='lat' dir='ltr'>arreptis,</span> <span class='ocrx_word' id='word_1_163' title='bbox 1696 1653 1771 1692; x_wconf 90' lang='lat' dir='ltr'>per</span> 
     </span>
     <span class='ocr_line' id='line_1_22' title="bbox 372 1705 1769 1754; baseline 0 -8"><span class='ocrx_word' id='word_1_164' title='bbox 372 1706 599 1746; x_wconf 86' lang='lat' dir='ltr'>fenestram</span> <span class='ocrx_word' id='word_1_165' title='bbox 620 1705 807 1745; x_wconf 81' lang='lat' dir='ltr'>ecclesiae</span> <span class='ocrx_word' id='word_1_166' title='bbox 830 1705 1067 1754; x_wconf 84' lang='lat' dir='ltr'>sublimem,</span> <span class='ocrx_word' id='word_1_167' title='bbox 1090 1705 1252 1745; x_wconf 88' lang='lat' dir='ltr'>cunctis</span> <span class='ocrx_word' id='word_1_168' title='bbox 1272 1705 1552 1754; x_wconf 86' lang='lat' dir='ltr'>intuentibus,</span> <span class='ocrx_word' id='word_1_169' title='bbox 1576 1705 1769 1746; x_wconf 84' lang='lat' dir='ltr'>evolavit.</span> 
     </span>
     <span class='ocr_line' id='line_1_23' title="bbox 374 1772 1771 1826; baseline -0.001 -12"><span class='ocrx_word' id='word_1_170' title='bbox 374 1774 433 1814; x_wconf 90' lang='lat' dir='ltr'>Et</span> <span class='ocrx_word' id='word_1_171' title='bbox 468 1773 525 1813; x_wconf 88' lang='lat' dir='ltr'>sic</span> <span class='ocrx_word' id='word_1_172' title='bbox 562 1773 713 1813; x_wconf 89' lang='lat' dir='ltr'>mulier</span> <span class='ocrx_word' id='word_1_173' title='bbox 747 1773 832 1821; x_wconf 84' lang='lat' dir='ltr'>illa,</span> <span class='ocrx_word' id='word_1_174' title='bbox 854 1772 962 1812; x_wconf 85' lang='lat' dir='ltr'>facie</span> <span class='ocrx_word' id='word_1_175' title='bbox 993 1772 1208 1826; x_wconf 87' lang='lat' dir='ltr'>pulchrior</span> <span class='ocrx_word' id='word_1_176' title='bbox 1245 1787 1371 1825; x_wconf 85' lang='lat' dir='ltr'>quam</span> <span class='ocrx_word' id='word_1_177' title='bbox 1404 1772 1502 1822; x_wconf 89' lang='lat' dir='ltr'>fide,</span> <span class='ocrx_word' id='word_1_178' title='bbox 1525 1787 1621 1813; x_wconf 92' lang='lat' dir='ltr'>cum</span> <span class='ocrx_word' id='word_1_179' title='bbox 1651 1772 1771 1826; x_wconf 89' lang='lat' dir='ltr'>prole</span> 
     </span>
     <span class='ocr_line' id='line_1_24' title="bbox 373 1839 1772 1895; baseline -0.001 -14"><span class='ocrx_word' id='word_1_180' title='bbox 373 1841 540 1895; x_wconf 86' lang='lat' dir='ltr'>gemina</span> <span class='ocrx_word' id='word_1_181' title='bbox 589 1855 731 1881; x_wconf 87' lang='lat' dir='ltr'>secum</span> <span class='ocrx_word' id='word_1_182' title='bbox 780 1847 1008 1894; x_wconf 87' lang='lat' dir='ltr'>assumpta,</span> <span class='ocrx_word' id='word_1_183' title='bbox 1050 1854 1269 1893; x_wconf 88' lang='lat' dir='ltr'>nunquam</span> <span class='ocrx_word' id='word_1_184' title='bbox 1308 1839 1369 1880; x_wconf 91' lang='lat' dir='ltr'>ibi</span> <span class='ocrx_word' id='word_1_185' title='bbox 1419 1846 1567 1894; x_wconf 85' lang='lat' dir='ltr'>postea</span> <span class='ocrx_word' id='word_1_186' title='bbox 1602 1853 1772 1894; x_wconf 86' lang='lat' dir='ltr'>compa-</span> 
     </span>
     <span class='ocr_line' id='line_1_25' title="bbox 372 1908 472 1949; baseline 0.01 -1"><span class='ocrx_word' id='word_1_187' title='bbox 372 1908 472 1949; x_wconf 89' lang='lat' dir='ltr'>ruit.</span> 
     </span>
    </p>

    <p class='ocr_par' dir='ltr' id='par_1_4' title="bbox 373 1973 1773 2432">
     <span class='ocr_line' id='line_1_26' title="bbox 431 1973 1773 2027; baseline -0.001 -11"><span class='ocrx_word' id='word_1_188' title='bbox 431 1976 554 2016; x_wconf 88' lang='lat' dir='ltr'>Istud</span> <span class='ocrx_word' id='word_1_189' title='bbox 584 1981 726 2015; x_wconf 87' lang='lat' dir='ltr'>autem</span> <span class='ocrx_word' id='word_1_190' title='bbox 747 1974 848 2014; x_wconf 87' lang='lat' dir='ltr'>Rex</span> <span class='ocrx_word' id='word_1_191' title='bbox 869 1974 1078 2014; x_wconf 88' lang='lat' dir='ltr'>Ricardus</span> <span class='ocrx_word' id='word_1_192' title='bbox 1109 1988 1221 2027; x_wconf 86' lang='lat' dir='ltr'>saepe</span> <span class='ocrx_word' id='word_1_193' title='bbox 1252 1973 1409 2013; x_wconf 83' lang='lat' dir='ltr'>referre</span> <span class='ocrx_word' id='word_1_194' title='bbox 1432 1974 1607 2024; x_wconf 83' lang='lat' dir='ltr'>solebat,</span> <span class='ocrx_word' id='word_1_195' title='bbox 1631 1973 1773 2014; x_wconf 89' lang='lat' dir='ltr'>dicens</span> 
     </span>
     <span class='ocr_line' id='line_1_27' title="bbox 374 2040 1772 2094; baseline -0.001 -11"><span class='ocrx_word' id='word_1_196' title='bbox 374 2057 460 2083; x_wconf 88' lang='lat' dir='ltr'>non</span> <span class='ocrx_word' id='word_1_197' title='bbox 495 2058 583 2082; x_wconf 89' lang='lat' dir='ltr'>esse</span> <span class='ocrx_word' id='word_1_198' title='bbox 617 2041 869 2089; x_wconf 85' lang='lat' dir='ltr'>mirandum,</span> <span class='ocrx_word' id='word_1_199' title='bbox 892 2041 926 2080; x_wconf 91' lang='lat' dir='ltr'>si</span> <span class='ocrx_word' id='word_1_200' title='bbox 958 2041 1009 2080; x_wconf 86' lang='lat' dir='ltr'>de</span> <span class='ocrx_word' id='word_1_201' title='bbox 1040 2055 1193 2094; x_wconf 83' lang='lat' dir='ltr'>genere</span> <span class='ocrx_word' id='word_1_202' title='bbox 1216 2040 1289 2080; x_wconf 85' lang='lat' dir='ltr'>tali</span> <span class='ocrx_word' id='word_1_203' title='bbox 1321 2047 1363 2081; x_wconf 88' lang='lat' dir='ltr'>et</span> <span class='ocrx_word' id='word_1_204' title='bbox 1392 2041 1471 2080; x_wconf 88' lang='lat' dir='ltr'>filii</span> <span class='ocrx_word' id='word_1_205' title='bbox 1506 2048 1702 2094; x_wconf 87' lang='lat' dir='ltr'>parentes</span> <span class='ocrx_word' id='word_1_206' title='bbox 1728 2049 1772 2081; x_wconf 92' lang='lat' dir='ltr'>et</span> 
     </span>
     <span class='ocr_line' id='line_1_28' title="bbox 377 2107 1771 2157; baseline -0.001 -8"><span class='ocrx_word' id='word_1_207' title='bbox 377 2124 464 2149; x_wconf 89' lang='lat' dir='ltr'>sese</span> <span class='ocrx_word' id='word_1_208' title='bbox 496 2109 548 2149; x_wconf 90' lang='lat' dir='ltr'>ad</span> <span class='ocrx_word' id='word_1_209' title='bbox 577 2108 756 2148; x_wconf 89' lang='lat' dir='ltr'>invicem</span> <span class='ocrx_word' id='word_1_210' title='bbox 779 2108 929 2147; x_wconf 87' lang='lat' dir='ltr'>fratres</span> <span class='ocrx_word' id='word_1_211' title='bbox 958 2107 1159 2147; x_wconf 84' lang='lat' dir='ltr'>infestare</span> <span class='ocrx_word' id='word_1_212' title='bbox 1190 2122 1275 2146; x_wconf 86' lang='lat' dir='ltr'>non</span> <span class='ocrx_word' id='word_1_213' title='bbox 1304 2114 1490 2157; x_wconf 81' lang='lat' dir='ltr'>cessent3</span> <span class='ocrx_word' id='word_1_214' title='bbox 1525 2108 1574 2147; x_wconf 89' lang='lat' dir='ltr'>de</span> <span class='ocrx_word' id='word_1_215' title='bbox 1604 2108 1771 2147; x_wconf 91' lang='lat' dir='ltr'>diabolo</span> 
     </span>
     <span class='ocr_line' id='line_1_29' title="bbox 376 2173 1772 2229; baseline 0 -13"><span class='ocrx_word' id='word_1_216' title='bbox 376 2190 558 2229; x_wconf 89' lang='lat' dir='ltr'>namque</span> <span class='ocrx_word' id='word_1_217' title='bbox 598 2189 668 2214; x_wconf 88' lang='lat' dir='ltr'>eos</span> <span class='ocrx_word' id='word_1_218' title='bbox 717 2189 860 2213; x_wconf 87' lang='lat' dir='ltr'>omnes</span> <span class='ocrx_word' id='word_1_219' title='bbox 898 2174 1060 2214; x_wconf 89' lang='lat' dir='ltr'>venisse</span> <span class='ocrx_word' id='word_1_220' title='bbox 1111 2179 1154 2213; x_wconf 85' lang='lat' dir='ltr'>et</span> <span class='ocrx_word' id='word_1_221' title='bbox 1193 2173 1245 2213; x_wconf 87' lang='lat' dir='ltr'>ad</span> <span class='ocrx_word' id='word_1_222' title='bbox 1295 2173 1509 2213; x_wconf 88' lang='lat' dir='ltr'>diabolum</span> <span class='ocrx_word' id='word_1_223' title='bbox 1559 2174 1772 2216; x_wconf 87' lang='lat' dir='ltr'>didicebat</span> 
     </span>
     <span class='ocr_line' id='line_1_30' title="bbox 376 2240 1771 2294; baseline -0.001 -11"><span class='ocrx_word' id='word_1_224' title='bbox 376 2243 509 2283; x_wconf 89' lang='lat' dir='ltr'>ituros</span> <span class='ocrx_word' id='word_1_225' title='bbox 531 2257 634 2283; x_wconf 85' lang='lat' dir='ltr'>esse.</span> <span class='ocrx_word' id='word_1_226' title='bbox 697 2240 807 2280; x_wconf 88' lang='lat' dir='ltr'>Cum</span> <span class='ocrx_word' id='word_1_227' title='bbox 836 2240 967 2294; x_wconf 85' lang='lat' dir='ltr'>igitur</span> <span class='ocrx_word' id='word_1_228' title='bbox 999 2255 1055 2280; x_wconf 85' lang='lat' dir='ltr'>ex</span> <span class='ocrx_word' id='word_1_229' title='bbox 1086 2240 1199 2280; x_wconf 89' lang='lat' dir='ltr'>omni</span> <span class='ocrx_word' id='word_1_230' title='bbox 1232 2246 1349 2294; x_wconf 87' lang='lat' dir='ltr'>parte</span> <span class='ocrx_word' id='word_1_231' title='bbox 1381 2240 1504 2281; x_wconf 87' lang='lat' dir='ltr'>radix</span> <span class='ocrx_word' id='word_1_232' title='bbox 1534 2240 1666 2281; x_wconf 85' lang='lat' dir='ltr'>fuerit</span> <span class='ocrx_word' id='word_1_233' title='bbox 1687 2249 1771 2282; x_wconf 88' lang='lat' dir='ltr'>tam</span> 
     </span>
     <span class='ocr_line' id='line_1_31' title="bbox 376 2306 1771 2362; baseline 0.001 -13"><span class='ocrx_word' id='word_1_234' title='bbox 376 2310 538 2358; x_wconf 89' lang='lat' dir='ltr'>vitiosa,</span> <span class='ocrx_word' id='word_1_235' title='bbox 581 2308 764 2362; x_wconf 87' lang='lat' dir='ltr'>qualiter</span> <span class='ocrx_word' id='word_1_236' title='bbox 811 2307 908 2348; x_wconf 90' lang='lat' dir='ltr'>hinc</span> <span class='ocrx_word' id='word_1_237' title='bbox 957 2322 1145 2362; x_wconf 89' lang='lat' dir='ltr'>propago</span> <span class='ocrx_word' id='word_1_238' title='bbox 1186 2307 1252 2347; x_wconf 89' lang='lat' dir='ltr'>vel</span> <span class='ocrx_word' id='word_1_239' title='bbox 1287 2306 1505 2348; x_wconf 88' lang='lat' dir='ltr'>fructuosa</span> <span class='ocrx_word' id='word_1_240' title='bbox 1553 2310 1771 2362; x_wconf 89' lang='lat' dir='ltr'>pervenire</span> 
     </span>
     <span class='ocr_line' id='line_1_32' title="bbox 373 2375 830 2432; baseline -0.009 -14"><span class='ocrx_word' id='word_1_241' title='bbox 373 2384 514 2432; x_wconf 88' lang='lat' dir='ltr'>posset</span> <span class='ocrx_word' id='word_1_242' title='bbox 532 2377 597 2416; x_wconf 91' lang='lat' dir='ltr'>vel</span> <span class='ocrx_word' id='word_1_243' title='bbox 617 2375 830 2415; x_wconf 80' lang='lat' dir='ltr'>virtuosa?</span> 
     </span>
    </p>

    <p class='ocr_par' dir='ltr' id='par_1_5' title="bbox 373 2442 1770 2766">
     <span class='ocr_line' id='line_1_33' title="bbox 431 2442 1767 2498; baseline 0.001 -14"><span class='ocrx_word' id='word_1_244' title='bbox 431 2444 503 2484; x_wconf 83' lang='lat' dir='ltr'>Ad</span> <span class='ocrx_word' id='word_1_245' title='bbox 541 2444 632 2484; x_wconf 84' lang='lat' dir='ltr'>haec</span> <span class='ocrx_word' id='word_1_246' title='bbox 664 2443 791 2484; x_wconf 90' lang='lat' dir='ltr'>etiam</span> <span class='ocrx_word' id='word_1_247' title='bbox 827 2457 923 2482; x_wconf 88' lang='lat' dir='ltr'>cum</span> <span class='ocrx_word' id='word_1_248' title='bbox 960 2442 1004 2482; x_wconf 92' lang='lat' dir='ltr'>in</span> <span class='ocrx_word' id='word_1_249' title='bbox 1041 2456 1173 2482; x_wconf 89' lang='lat' dir='ltr'>werra</span> <span class='ocrx_word' id='word_1_250' title='bbox 1218 2442 1399 2495; x_wconf 89' lang='lat' dir='ltr'>quadam</span> <span class='ocrx_word' id='word_1_251' title='bbox 1438 2443 1599 2497; x_wconf 87' lang='lat' dir='ltr'>grandi,</span> <span class='ocrx_word' id='word_1_252' title='bbox 1641 2459 1767 2498; x_wconf 88' lang='lat' dir='ltr'>quam</span> 
     </span>
     <span class='ocr_line' id='line_1_34' title="bbox 374 2508 1770 2562; baseline -0.001 -10"><span class='ocrx_word' id='word_1_253' title='bbox 374 2512 475 2552; x_wconf 89' lang='lat' dir='ltr'>Rex</span> <span class='ocrx_word' id='word_1_254' title='bbox 506 2512 763 2552; x_wconf 87' lang='lat' dir='ltr'>Francorum</span> <span class='ocrx_word' id='word_1_255' title='bbox 794 2509 1031 2549; x_wconf 90' lang='lat' dir='ltr'>Lodovicus</span> <span class='ocrx_word' id='word_1_256' title='bbox 1065 2508 1177 2562; x_wconf 84' lang='lat' dir='ltr'>Regi</span> <span class='ocrx_word' id='word_1_257' title='bbox 1201 2508 1373 2562; x_wconf 86' lang='lat' dir='ltr'>Angliae</span> <span class='ocrx_word' id='word_1_258' title='bbox 1406 2509 1595 2551; x_wconf 87' lang='lat' dir='ltr'>Henrico</span> <span class='ocrx_word' id='word_1_259' title='bbox 1629 2526 1770 2551; x_wconf 89' lang='lat' dir='ltr'>move-</span> 
     </span>
     <span class='ocr_line' id='line_1_35' title="bbox 373 2575 1769 2629; baseline -0.001 -10"><span class='ocrx_word' id='word_1_260' title='bbox 373 2586 451 2628; x_wconf 86' lang='lat' dir='ltr'>rat,</span> <span class='ocrx_word' id='word_1_261' title='bbox 492 2578 642 2618; x_wconf 86' lang='lat' dir='ltr'>missus</span> <span class='ocrx_word' id='word_1_262' title='bbox 681 2592 705 2617; x_wconf 87' lang='lat' dir='ltr'>a</span> <span class='ocrx_word' id='word_1_263' title='bbox 742 2577 862 2629; x_wconf 82' lang='lat' dir='ltr'>Rege</span> <span class='ocrx_word' id='word_1_264' title='bbox 910 2575 1099 2616; x_wconf 89' lang='lat' dir='ltr'>Henrico</span> <span class='ocrx_word' id='word_1_265' title='bbox 1137 2576 1289 2617; x_wconf 87' lang='lat' dir='ltr'>fuisset</span> <span class='ocrx_word' id='word_1_266' title='bbox 1346 2577 1398 2617; x_wconf 84' lang='lat' dir='ltr'>ad</span> <span class='ocrx_word' id='word_1_267' title='bbox 1449 2578 1645 2618; x_wconf 87' lang='lat' dir='ltr'>comitem</span> <span class='ocrx_word' id='word_1_268' title='bbox 1686 2577 1769 2618; x_wconf 91' lang='lat' dir='ltr'>Ar-</span> 
     </span>
     <span class='ocr_line' id='line_1_36' title="bbox 374 2643 1769 2698; baseline -0.001 -13"><span class='ocrx_word' id='word_1_269' title='bbox 374 2645 542 2685; x_wconf 87' lang='lat' dir='ltr'>moricae</span> <span class='ocrx_word' id='word_1_270' title='bbox 577 2643 811 2684; x_wconf 86' lang='lat' dir='ltr'>Britanniae</span> <span class='ocrx_word' id='word_1_271' title='bbox 844 2643 1102 2683; x_wconf 78' lang='lat' dir='ltr'>Gaufridum</span> <span class='ocrx_word' id='word_1_272' title='bbox 1137 2644 1312 2684; x_wconf 83' lang='lat' dir='ltr'>clericus</span> <span class='ocrx_word' id='word_1_273' title='bbox 1353 2645 1523 2698; x_wconf 86' lang='lat' dir='ltr'>quidam</span> <span class='ocrx_word' id='word_1_274' title='bbox 1563 2645 1769 2685; x_wconf 86' lang='lat' dir='ltr'>facundus</span> 
     </span>
     <span class='ocr_line' id='line_1_37' title="bbox 375 2710 1769 2766; baseline -0.001 -13"><span class='ocrx_word' id='word_1_275' title='bbox 375 2720 418 2753; x_wconf 82' lang='lat' dir='ltr'>et</span> <span class='ocrx_word' id='word_1_276' title='bbox 456 2712 632 2760; x_wconf 85' lang='lat' dir='ltr'>facetus,</span> <span class='ocrx_word' id='word_1_277' title='bbox 673 2712 792 2764; x_wconf 89' lang='lat' dir='ltr'>cujus</span> <span class='ocrx_word' id='word_1_278' title='bbox 827 2710 1087 2764; x_wconf 87' lang='lat' dir='ltr'>nuncupatio</span> <span class='ocrx_word' id='word_1_279' title='bbox 1128 2710 1398 2752; x_wconf 85' lang='lat' dir='ltr'>Godefredus</span> <span class='ocrx_word' id='word_1_280' title='bbox 1431 2712 1481 2752; x_wconf 85' lang='lat' dir='ltr'>de</span> <span class='ocrx_word' id='word_1_281' title='bbox 1523 2712 1657 2766; x_wconf 79' lang='lat' dir='ltr'>Lucy,</span> <span class='ocrx_word' id='word_1_282' title='bbox 1694 2713 1769 2766; x_wconf 89' lang='lat' dir='ltr'>qui</span> 
     </span>
    </p>
   </div>
   <div class='ocr_carea' id='block_1_3' title="bbox 888 2792 1271 2837">
    <p class='ocr_par' dir='ltr' id='par_1_6' title="bbox 888 2792 1271 2837">
     <span class='ocr_line' id='line_1_38' title="bbox 888 2792 1271 2837; baseline 0.005 -13"><span class='ocrx_word' id='word_1_283' title='bbox 888 2793 895 2811; x_wconf 87' lang='lat'>¹</span> <span class='ocrx_word' id='word_1_284' title='bbox 925 2792 1014 2825; x_wconf 70' lang='lat' dir='ltr'>Vide</span> <span class='ocrx_word' id='word_1_285' title='bbox 1033 2804 1144 2836; x_wconf 78' lang='lat' dir='ltr'>supra,</span> <span class='ocrx_word' id='word_1_286' title='bbox 1163 2804 1195 2837; x_wconf 87' lang='lat' dir='ltr'>p.</span> <span class='ocrx_word' id='word_1_287' title='bbox 1219 2794 1271 2827; x_wconf 87' lang='lat'>17.</span> 
     </span>
    </p>
   </div>
  </div>
 </body>
</html>
