1908 3135
390 265 470 306 196
801 277 1038 309 GIRALDUS
1073 275 1371 308 CAMBRENsrs
1629 257 1773 320 [APPR

386 373 570 427 elogium
591 374 689 416 fuit.
736 375 845 415 Cum
866 375 979 415 enim
1001 374 1255 423 Ludovicus,
1280 373 1471 427 Philippi
1493 370 1625 426 Regis
1649 371 1777 420 filius,

386 440 429 480 in
446 443 765 495 expugnatione
784 443 1021 496 Anglicana
1038 457 1197 482 moram
1211 440 1472 495 aliquamdiu
1487 438 1779 494 protraxisset,

385 507 628 562 militesque
647 510 711 550 sui
740 517 944 558 verentes,
967 524 1019 549 ne
1052 516 1226 563 propter
1247 508 1393 548 uxoris
1427 506 1661 548 absentiam
1682 520 1779 559 quae

386 574 430 613 in
453 575 629 616 Francia
662 577 816 626 fuerat,
839 584 882 616 et
919 575 1150 630 conjugalis
1182 575 1293 615 thori
1322 575 1563 623 carentiam,
1580 572 1781 628 juvenilis

386 643 551 682 animus
582 644 750 697 longam
779 643 1098 697 expeditionem
1128 642 1299 682 fastidio
1322 643 1508 690 duceret,
1531 640 1570 680 ei
1590 640 1656 679 vel
1681 641 1780 693 joco

386 709 452 749 vel
501 710 608 751 serio
650 711 904 764 quandoque
947 710 1168 758 dixissent,
1211 709 1325 763 quod
1374 709 1554 763 alicujus
1608 706 1778 747 interim

386 777 543 830 puellae
565 778 718 818 nobilis
740 777 1008 831 amplexibus
1028 784 1221 816 naturam
1243 791 1360 816 suam
1391 776 1658 824 confortaret,
1682 774 1780 814 cali-

387 843 540 897 daeque
561 844 734 884 virentis
750 846 942 899 juventae
960 844 1167 884 servorem
1189 843 1263 884 tali
1283 843 1469 883 remedio
1500 848 1777 896 temperaret3

386 909 522 950 fertur
558 911 671 950 illico
704 911 982 965 respondisse,
1004 925 1338 964 responsumque
1374 924 1498 949 suum
1519 915 1778 949 sacramento

385 976 584 1026 firmasse,
609 981 635 999 ‘⁶
654 978 754 1031 quia
774 985 948 1032 propter
970 984 1107 1018 totum
1128 977 1299 1031 Angliae
1328 992 1506 1030 regnum
1532 976 1612 1016 sibi
1634 975 1778 1029 quiete

385 1044 700 1096 possidendum,
739 1053 781 1085 et
821 1060 876 1085 ex
917 1052 1006 1085 toto
1028 1045 1309 1099 pacificatum,
1331 1044 1457 1084 fidem
1489 1058 1653 1098 sponsae
1690 1058 1777 1083 suae

384 1109 587 1163 legitimae
624 1112 810 1152 debitam
839 1112 973 1152 nollet
1002 1112 1230 1161 ullatenus,
1262 1112 1362 1152 licet
1396 1111 1521 1151 unico
1554 1111 1777 1160 adulterio,

386 1177 600 1219 violasse.’'
671 1179 772 1220 Non
819 1194 917 1233 ergo
959 1180 1140 1233 degener
1178 1179 1247 1219 hic
1288 1194 1431 1234 nepos,
1474 1179 1548 1232 qui
1589 1186 1675 1218 tam
1712 1178 1777 1219 avi

384 1244 706 1299 benignitatem,
728 1262 855 1300 quam
876 1247 1007 1301 patris
1029 1262 1200 1300 quoque
1229 1247 1539 1296 strenuitatem,
1561 1246 1699 1287 verbis
1735 1254 1778 1286 et

383 1311 504 1352 factis
525 1314 735 1367 expressit
755 1321 798 1354 et
819 1314 943 1354 certis
964 1314 1131 1354 indiciis
1151 1314 1484 1368 repraesentavit.

443 1379 553 1420 Item
582 1381 697 1421 aliud
733 1396 905 1435 quoque
941 1382 1127 1422 notabile
1162 1382 1382 1422 memorati
1415 1381 1644 1435 principis¹
1668 1383 1778 1436 ejus-

386 1446 479 1486 dem
501 1448 660 1487 factum
682 1449 898 1503 egregium
919 1448 987 1489 hic
1008 1449 1191 1489 inserere
1228 1449 1403 1502 dignum
1435 1449 1554 1489 duxi.
1617 1448 1778 1490 Rever-

385 1528 454 1553 sus
483 1530 507 1554 a
539 1515 654 1555 curia
677 1515 870 1555 Romana
900 1516 1117 1556 familiaris
1153 1516 1342 1570 ejusdem
1374 1514 1681 1564 clericus,‘cu1n
1716 1515 1776 1555 ibi

384 1589 534 1622 cuncta
565 1583 735 1636 negotia
771 1583 879 1623 bene
911 1590 1080 1637 peracta
1111 1583 1223 1636 Regi
1244 1583 1531 1636 significasset,
1553 1599 1609 1623 ex
1645 1584 1777 1623 abun-

385 1649 514 1698 danti,
551 1657 600 1689 ut
634 1650 769 1690 fidelis
804 1650 986 1705 principi
1023 1651 1251 1700 videretur,
1289 1650 1475 1690 ostendit
1504 1651 1776 1705 privilegium

384 1731 469 1769 quo
519 1717 823 1758 cathedralium
860 1718 1130 1758 ecclesiarum
1170 1718 1408 1758 vacantium
1449 1718 1494 1757 in
1530 1733 1660 1772 regno
1699 1734 1775 1759 suo

382 1783 616 1824 custodiam
650 1784 688 1824 ei
723 1785 879 1825 habere
900 1792 942 1826 et
966 1785 1132 1825 fructus
1152 1785 1322 1825 interim
1343 1786 1575 1839 percipere,
1609 1786 1776 1826 canoni-

383 1865 536 1905 casque
579 1859 622 1891 et
660 1852 868 1901 ecclesias,
906 1867 1070 1892 necnon
1111 1858 1154 1892 et
1194 1852 1493 1893 ecclesiasticas
1533 1852 1774 1906 dignitates,

384 1933 487 1971 quas
512 1933 656 1958 vacare
692 1919 932 1972 contigerit,
955 1920 1008 1959 ad
1038 1926 1192 1959 nutum
1215 1920 1327 1969 dare,
1357 1935 1545 1960 summus
1571 1919 1777 1960 Pontifex

382 1985 643 2039 indulgebat.
707 1985 806 2028 Quo
829 1986 929 2026 Rex
960 1987 1120 2035 audito,
1152 1986 1313 2026 litteras
1345 2002 1369 2027 a
1401 2002 1530 2027 manu
1559 1987 1776 2041 portitoris

381 2059 566 2106 arreptas
598 2053 741 2093 statim
776 2053 819 2092 in
859 2052 1001 2106 ignem
1036 2053 1164 2102 misit,
1199 2054 1340 2094 dicens
1382 2054 1432 2094 de
1473 2054 1565 2094 aliis
1595 2054 1777 2107 negotiis

384 2119 555 2159 effectui
586 2120 835 2173 mancipatis
865 2120 1005 2173 ipsum
1024 2121 1076 2169 ei,
1100 2121 1210 2160 sicut
1245 2121 1434 2169 decebat,
1460 2127 1627 2174 gratum
1663 2121 1776 2161 exis-

383 2193 498 2235 tere3
531 2201 658 2240 super
688 2186 767 2226 hoc
802 2193 945 2227 autem
976 2187 1162 2242 negotio,
1185 2187 1250 2227 vel
1282 2187 1364 2227 alio
1392 2187 1553 2240 quovis,
1578 2188 1691 2240 quod
1723 2189 1775 2228 ad

383 2254 535 2294 animae
571 2269 658 2294 suae
695 2253 932 2308 periculum
954 2261 1112 2308 vergat,
1144 2254 1384 2308 impetrato,
1421 2269 1496 2294 nec
1528 2269 1552 2294 a
1574 2255 1668 2294 Deo
1698 2270 1774 2295 nec

382 2315 434 2361 ab
470 2321 562 2374 ipso
601 2328 740 2374 grates
771 2320 1044 2369 habiturum3
1079 2321 1221 2361 dicens
1258 2321 1385 2361 etiam
1426 2329 1468 2361 et
1506 2336 1691 2361 asserens
1731 2338 1774 2362 se

382 2388 507 2428 malle
541 2388 704 2428 litteras
738 2388 836 2442 igne
870 2388 1115 2428 comburere
1137 2403 1265 2442 quam
1299 2389 1479 2428 animam
1510 2404 1627 2429 suam
1659 2405 1775 2430 occa-

382 2455 497 2495 sione
516 2455 752 2495 litterarum
781 2455 949 2496 illarum
970 2455 1188 2510 perpetuis
1218 2455 1440 2496 Gehennae
1464 2455 1642 2496 flammis
1664 2472 1774 2497 com-

380 2522 612 2561 burendam
633 2522 886 2576 relinquere.

440 2589 564 2638 Item,
601 2604 689 2629 mos
728 2590 931 2643 principis
972 2589 1161 2643 ejusdem
1202 2597 1304 2639 erat,
1347 2590 1460 2643 quod
1501 2591 1614 2630 omni
1653 2598 1775 2631 sexta

380 2656 486 2696 feria
523 2656 566 2695 in
607 2671 713 2709 pane
754 2657 841 2696 solo
892 2664 935 2696 et
983 2671 1094 2709 aqua
1137 2657 1387 2711 jejunabat3
1439 2664 1613 2711 propter
1659 2659 1774 2712 quod

381 2722 537 2777 saepius
572 2738 595 2762 a
632 2723 718 2762 suis
751 2723 950 2773 monitus,
991 2724 1222 2778 majoribus
1262 2724 1421 2765 scilicet
1459 2725 1607 2764 domus
1642 2724 1772 2778 regiae

952 2813 960 2832 ¹
989 2812 1092 2846 Louis
1111 2812 1195 2847 VII.
