1908 3135
476 236 540 266 DE
575 235 924 268 INSTRUCTIONE
963 235 1243 268 PRINCIPUM.
1506 228 1555 265 31

751 407 859 448 CAP.
883 407 971 449 IX.

579 525 647 564 De
668 524 802 564 titulis
821 524 1002 565 Henrz'ci
1023 525 1149 564 tertii.

220 622 357 666 QUOD
388 628 531 663 autem
564 622 615 663 de
650 622 788 663 titulis
811 622 990 664 Henrici
1014 624 1131 664 tertii
1154 623 1401 678 Hybernica
1423 623 1562 677 Topo-
1583 631 1635 669 ¹11³,
1644 638 1725 663 pane-

161 690 337 745 graphia
368 696 511 730 nostra
550 689 749 740 declarat,
783 690 940 731 eisdem
981 697 1024 731 et
1053 690 1121 731 hic
1142 691 1280 731 verbis
1315 690 1562 731 interserere
1581 672 1661 696 mm*

162 772 248 798 non
287 757 472 798 alienum
511 757 718 811 reputavi.
786 757 1011 799 Praemisso
1050 773 1232 812 namque
1281 758 1332 798 de
1364 758 1565 798 fratribus

162 831 345 866 tractatu
385 824 679 874 communiter,
704 824 754 865 de
787 823 878 879 ipso
910 826 1180 879 postmodum
1215 826 1490 881 subjungitur
1522 825 1565 865 in

163 892 277 932 hune
325 891 528 941 modum3
580 891 822 935 “Quorum
865 892 1053 933 omnium
1103 893 1348 948 praecipuus
1389 899 1432 933 et
1480 908 1565 933 uno

165 960 336 1014 dempto
375 959 618 1013 primaevus,
658 966 836 1014 paterno
875 966 961 1000 tam
1000 961 1170 1001 nomine
1216 961 1397 1016 fungens
1438 976 1564 1014 quam

167 1027 338 1075 honore,
373 1027 423 1066 de
463 1041 616 1080 magno
654 1027 802 1081 major,
839 1027 890 1068 de
928 1027 1022 1068 luce
1056 1027 1249 1078 lucidior,
1281 1035 1324 1069 et
1364 1036 1564 1082 tanquam

113 1145 118 1147 ,
165 1095 272 1135 alter
303 1093 539 1134 Priameius
562 1093 739 1144 Hector,
769 1093 855 1134 suis
888 1095 1037 1144 honor,
1069 1095 1263 1136 hostibus
1293 1096 1454 1145 horror,
1477 1111 1566 1135 om-

164 1162 291 1201 nibus
311 1175 455 1210 amor3
487 1160 600 1200 inter
632 1168 810 1201 armatas
841 1161 949 1202 acies
983 1169 1186 1216 tanquam
1222 1164 1272 1203 de
1302 1163 1400 1217 igne
1420 1163 1565 1216 fulgur

166 1227 399 1283 egredienS,
440 1234 776 1282 cunctorumque
816 1229 1048 1277 mentibus,
1086 1230 1152 1270 vel
1190 1230 1315 1271 unica
1354 1245 1462 1284 spes,
1501 1230 1566 1270 vel

167 1308 306 1342 metus
327 1299 516 1341 existens
533 1315 542 1340 ε

356 1403 478 1437 Omnis
495 1403 633 1436 honoris
651 1403 770 1447 honos,
789 1403 889 1437 decor
906 1411 939 1436 et
958 1403 1061 1437 decus
1080 1403 1172 1436 urbis
1190 1408 1223 1436 et
1242 1402 1344 1445 orbis,

401 1459 725 1505 Militiaensplendor,
743 1460 859 1505 gloria,
877 1460 1004 1504 lumen,
1023 1471 1110 1505 apex
1128 1473 1136 1500 ;

354 1517 467 1550 Julius
485 1517 630 1561 ingenio,
649 1517 829 1550 virtutibus
848 1517 988 1559 Hector,
1006 1517 1160 1551 Achilles

400 1573 553 1617 Viribus,
581 1574 759 1618 Augustus
779 1573 940 1617 moribus,
961 1585 1018 1607 ore
1037 1573 1157 1607 Paris.¹

229 1686 409 1727 Inermis
432 1687 642 1741 siquidem
662 1687 951 1742 privatusque,
973 1687 1079 1727 lenis
1101 1692 1144 1726 et
1165 1685 1356 1734 affabilis,
1379 1685 1494 1725 mitis
1526 1692 1568 1725 et

168 1753 372 1803 amabilis,
386 1754 638 1807 injuriarum
652 1754 941 1808 quarumlibet
957 1754 1052 1793 data
1066 1753 1293 1801 occasione,
1315 1752 1411 1806 pius
1428 1752 1568 1792 indul-

170 1829 250 1870 tor,
273 1820 604 1875 quamtumlibet
635 1835 728 1861 reos
747 1820 871 1874 longe
898 1820 1070 1875 pronior
1090 1819 1302 1860 absolvere
1325 1834 1451 1872 quam
1470 1834 1568 1859 eon-

171 1889 379 1929 demnare.
442 1888 531 1931 Qui
553 1895 596 1929 et
616 1889 805 1929 animum
825 1890 882 1929 sic
903 1888 1160 1935 instituerat,
1183 1894 1233 1928 ut
1252 1887 1360 1927 nihil
1380 1901 1567 1941 unquam

171 1957 281 1996 dono
318 1956 494 2010 dignum
520 1956 717 2010 cuiquam
751 1956 1005 2010 denegaret3
1037 1955 1249 1995 neminem
1282 1954 1460 2003 tristem,
1496 1969 1568 1994 ne-

171 2023 329 2063 minem
355 2023 442 2063 voti
465 2038 548 2063 non
576 2029 814 2077 compotem
839 2038 863 2064 a
890 2038 931 2063 se
958 2023 1169 2063 discedere
1196 2022 1371 2075 dignum
1397 2022 1568 2062 ducens.

173 2090 302 2130 Illum
324 2090 404 2130 sibi
431 2090 617 2144 denique
646 2090 757 2131 diem
784 2090 999 2144 perditum
1030 2089 1081 2129 iri
1116 2096 1331 2144 reputans,
1365 2104 1449 2142 quo
1484 2103 1568 2128 non

172 2157 251 2198 sibi
271 2157 523 2198 multimoda
552 2158 821 2207 liberalitate,
843 2157 1001 2198 multos
1023 2156 1211 2197 alliceret
1248 2155 1568 2209 multorumque

172 2231 258 2265 tam
298 2226 423 2266 corda
463 2240 591 2279 quam
630 2240 805 2279 corpora
844 2224 1071 2278 multiplici
1110 2223 1413 2264 beneficiorum
1445 2222 1550 2276 largi

173 2291 288 2332 tione
310 2299 584 2346 compararet.

230 2358 283 2398 In
309 2359 434 2398 armis
453 2373 552 2399 vero
573 2359 786 2411 rebusque
806 2357 1076 2406 militaribus,
1103 2356 1267 2411 galeato
1294 2357 1382 2411 jam
1418 2356 1569 2409 capite,

173 2425 379 2474 sublimis,
412 2425 595 2475 effrenis,
617 2431 756 2474 atrox,
777 2424 986 2478 longeque
1008 2423 1097 2464 fera
1118 2423 1296 2463 ferocior
1327 2423 1453 2472 omni,
1477 2423 1570 2463 ubi-

174 2509 258 2548 que
306 2493 393 2533 fere
433 2492 590 2532 virtute
629 2492 762 2546 magis
813 2506 940 2545 quam
980 2491 1152 2531 fortuna
1205 2491 1486 2545 triumphans,
1527 2497 1570 2530 et

175 2560 364 2602 Hectora
399 2560 639 2600 Priamiden
675 2574 872 2614 expresse
905 2566 1211 2613 representans,
1236 2559 1319 2599 nisi
1355 2557 1469 2612 quod
1502 2557 1571 2597 ille

221 2671 231 2690 ¹
259 2670 394 2712 Quoted
426 2669 472 2715 by
506 2670 703 2715 Brompton.
770 2669 837 2702 For
913 2674 962 2701 ter
992 2668 1029 2701 of
1055 2667 1150 2701 Blois
1169 2680 1176 2708 ;
1204 2667 1358 2702 Blcsens.
1387 2666 1508 2711 Opera,
1544 2678 1574 2711 p.

175 2716 270 2749 other
281 2716 491 2749 testimonies
506 2715 640 2761 equally
651 2715 837 2760 laudatory,
915 2716 993 2749 660.
1045 2714 1118 2747 The
1136 2713 1215 2758 only
1233 2713 1412 2758 exception
1431 2719 1464 2745 to
1483 2712 1576 2744 these

174 2774 230 2796 see
248 2762 304 2796 the
316 2768 412 2796 notes
430 2762 467 2796 of
482 2761 697 2796 Gussanville
716 2772 758 2794 on
778 2760 839 2794 Pe-
914 2761 942 2793 is
960 2760 1115 2793 William
1135 2760 1172 2792 of
1187 2759 1437 2803 Newborough.
