1908 3135
481 247 544 278 DE
578 245 931 278 INSTRUCTIONE
969 245 1252 277 PRINCIPUM.
1514 236 1565 279 79

167 345 512 401 Expugnationis
527 345 774 386 Hibernicae
789 346 1011 387 manifeste
1025 346 1275 387 declaratur.
1308 346 1399 386 Nec
1412 347 1565 388 mirum

167 413 242 468 qui
277 414 329 454 ad
351 419 510 454 tantam
533 412 691 453 Christi
712 414 974 454 vocationem
995 420 1039 454 et
1073 414 1118 453 in
1154 413 1245 468 ipsa
1266 428 1436 468 quoquc
1458 416 1564 455 tanti

166 481 373 536 praeconis
403 480 604 529 absentia,
626 480 762 520 filium
792 495 919 533 quem
949 496 1027 535 pro
1058 496 1101 521 se
1133 481 1280 521 saltem
1302 496 1446 521 versus
1468 481 1565 522 Ori-

167 555 308 589 entem
328 549 497 589 mittere
516 548 720 588 debuerat
735 554 777 587 et
796 548 841 587 in
860 547 1110 588 Sarracenos
1127 563 1271 589 versus
1290 548 1565 590 Occidentem

168 631 266 670 quae
300 622 399 655 sunt
429 614 578 654 mundi
611 622 889 668 quaerentem,
923 629 1009 654 non
1043 630 1141 669 quae
1176 616 1331 656 Christi
1363 616 1466 657 Jesu
1502 618 1565 657 in-

166 682 307 722 fausto
337 681 453 721 misit
477 681 616 721 omine
638 688 680 721 et
715 681 760 721 in
783 681 1057 722 Christianos.
1120 682 1235 723 Proh
1266 683 1404 737 pudor
1436 692 1564 738 atquc

167 748 309 789 dolor!
341 749 376 788 si
396 748 462 789 vel
491 754 651 789 tantam
679 749 996 803 expeditionem
1031 756 1127 790 ante
1149 751 1338 791 eamdem
1361 767 1487 805 quam
1521 753 1565 792 in

166 816 338 856 miseros
360 823 461 856 tunc
496 815 612 856 misit
631 816 776 856 fideles
804 823 847 856 et
872 816 1136 857 infructuose
1171 819 1224 858 ad
1246 818 1407 859 Christi
1437 820 1566 873 patri-

168 883 358 924 monium
375 891 418 924 et
437 883 768 923 Christianitatis
788 884 1024 924 subsidium
1042 884 1302 935 destinasset,
1322 893 1432 926 terra
1452 902 1566 926 sacra

167 966 192 992 a
227 951 401 992 canibus
448 951 662 991 inmundis
713 959 754 992 et
795 967 1056 1005 paganorum
1109 953 1324 1007 spurcitiis
1376 954 1564 994 nondum

168 1018 446 1072 prophanata,
467 1018 512 1058 in
533 1033 607 1058 sua
628 1018 776 1072 procul
796 1018 926 1058 dubio
948 1018 1193 1072 integritate
1214 1027 1381 1060 retenta
1399 1020 1563 1061 fuisset.

170 1085 235 1125 Ut
266 1092 408 1125 autem
445 1100 493 1125 ea
527 1100 624 1139 quae
661 1085 798 1125 tribus
829 1086 1105 1139 sequentibus
1140 1087 1260 1126 annis
1295 1087 1348 1126 ad
1383 1088 1565 1127 divinam

113 1145 118 1148 ²
168 1153 376 1193 ultionem
406 1160 449 1192 et
470 1152 659 1192 terribile
688 1153 852 1192 cunctis
881 1153 1127 1206 exemplum
1160 1154 1268 1193 tanti
1289 1153 1366 1194 viri
1401 1154 1566 1194 ruinam

168 1226 255 1259 tam
287 1218 511 1259 efficaciter
547 1218 829 1272 expleverunt
865 1219 1017 1258 clarius
1053 1219 1305 1268 elucescant,
1342 1221 1567 1260 secundam

168 1286 484 1326 distinctionem
503 1285 571 1325 hic
594 1286 882 1336 terminantes,
904 1293 948 1327 et
969 1287 1139 1328 tertiam
1157 1287 1416 1337 inchoantes,
1439 1288 1567 1341 paulo

169 1353 372 1394 remotius
393 1352 621 1395 ordiamur.

494 1984 612 2011 FINIS
646 1983 984 2011 DISTINCTIONIS
1018 1984 1250 2011 SECUNDAE.
