1908 3135
362 276 444 322 174
778 288 1017 321 cmALnus
1051 287 1348 320 OAMBRENSIS

361 392 405 426 et
425 400 567 426 carnes
587 400 700 426 meas
734 387 925 427 comedas
953 394 997 427 et
1031 402 1122 428 ossa
1141 387 1360 429 corrodas.'
1434 387 1559 428 Unde
1590 394 1633 427 et
1662 401 1751 441 prae

360 453 509 494 timore
530 453 687 507 pariter
717 461 760 494 et
794 454 966 494 horrore
1001 469 1024 494 a
1054 461 1188 494 stratu
1211 454 1392 494 clamans
1413 454 1568 503 exiliit,
1589 454 1751 494 statim-

358 535 441 574 que
473 535 550 575 pro
582 521 780 575 episcopo
813 521 1010 575 quodam,
1034 521 1109 575 qui
1144 521 1303 561 curiam
1335 521 1446 561 forte
1467 528 1569 560 tunc
1600 535 1751 574 seque-

355 588 495 637 batur,
531 587 717 637 mittens,
748 588 953 629 visionem
987 589 1027 629 ei
1067 595 1200 629 totam
1241 588 1462 628 enarravit.
1525 588 1666 630 Quam
1707 594 1750 628 et

355 654 577 708 episcopus
628 655 665 694 ei
705 655 1018 695 incontinenter
1065 655 1249 695 fideliter
1299 654 1501 709 exposuit
1548 654 1592 694 in
1635 654 1748 694 hunc

353 721 524 761 modum
544 737 552 762 :
579 725 606 743 “
623 721 826 770 Ecclesia,
848 721 964 771 Rex,
987 736 1113 775 quam
1135 721 1239 761 adeo
1257 721 1477 776 pulchram
1499 728 1542 761 et
1558 728 1749 761 ornatam

353 788 510 838 vidisti,
543 789 717 829 ecclesia
748 788 833 829 fuit
864 789 985 842 regni
1021 789 1084 828 tui
1116 789 1365 842 priusquam
1402 803 1612 842 regnares,
1649 803 1746 842 quae

354 855 510 896 divitiis
544 856 738 895 omnibus
771 861 814 895 ct
846 855 1089 909 opulentiis,
1113 855 1392 909 dignitatibus
1425 861 1467 895 et
1501 855 1746 909 privilegiis,

353 922 609 963 abundabat.
672 921 802 964 Quod
841 928 983 962 autem
1022 922 1180 961 nudam
1216 929 1363 975 postea
1392 921 1550 970 vidisti,
1591 929 1748 962 statum

352 989 537 1030 ecclesiae
569 988 688 1043 regni
721 989 799 1038 tui,
822 996 864 1028 te
893 995 1110 1042 regnante,
1133 989 1338 1042 designat,
1361 1004 1487 1043 quam
1519 1003 1596 1042 pro
1626 1004 1748 1043 posse

352 1056 647 1111 depauperasti
678 1063 720 1097 et
750 1063 957 1110 quantum
979 1056 1023 1096 in
1056 1066 1097 1096 te
1118 1056 1421 1110 propositoque
1453 1056 1550 1105 fuit,
1571 1056 1747 1109 opulen-

352 1125 422 1164 tiis
439 1124 539 1164 olim
556 1124 743 1164 fidelium
763 1123 985 1177 largitione
1004 1123 1180 1172 collatis,
1198 1138 1253 1163 ex
1275 1130 1365 1163 toto
1385 1123 1567 1163 nudasti.
1602 1123 1745 1163 Homo

349 1207 447 1232 vero
487 1207 613 1246 quem
653 1206 780 1246 super
814 1191 944 1231 altare
978 1191 1136 1239 vidisti,
1172 1205 1322 1245 corpus
1361 1190 1464 1230 Jesu
1496 1190 1593 1239 fuit,
1630 1191 1746 1245 quod

350 1274 435 1299 una
456 1274 551 1299 cum
572 1259 746 1299 ecclesia
765 1274 841 1299 sua
871 1273 1130 1306 consumere,
1152 1258 1413 1312 gloriamque
1442 1257 1573 1312 ipsius
1606 1258 1746 1298 extin-

349 1341 493 1380 guere,
514 1325 785 1380 proposuisti.
849 1325 1069 1366 Terribilis
1090 1332 1234 1365 autem
1255 1325 1327 1365 illa
1348 1324 1459 1364 facta
1479 1325 1742 1379 respiciendo

350 1393 635 1442 comminatio,
667 1393 945 1433 formidabilis
976 1391 1259 1446 proculdubio
1304 1399 1381 1440 est,
1421 1398 1471 1431 ut
1508 1391 1741 1445 resipiscas,

349 1460 635 1501 commonitio,
699 1459 827 1502 Quod
859 1460 939 1500 nisi
972 1459 1179 1500 maturius
1208 1459 1355 1512 egeris,
1383 1458 1620 1498 timendum
1647 1459 1739 1508 tibi,

351 1525 466 1577 Rex,
497 1542 551 1568 ne
582 1528 685 1568 iram
723 1528 831 1582 Ejus
868 1527 1056 1567 incurras
1090 1525 1486 1567 exterminantem.”
1546 1526 1607 1566 Et
1646 1541 1741 1566 cum

349 1595 572 1649 episcopus
611 1594 831 1635 consilium
872 1595 911 1634 ei
951 1595 1068 1634 daret
1107 1594 1321 1647 quatinus,
1355 1593 1591 1633 convocatis
1628 1593 1741 1633 illico

349 1661 555 1716 episcopis
575 1661 693 1715 regni
725 1661 790 1701 sui
810 1668 853 1701 et
879 1661 990 1701 clero
1018 1661 1228 1709 universo,
1251 1661 1480 1701 eorundem
1503 1660 1676 1700 consilio
1698 1675 1741 1699 se

349 1729 536 1770 Domino
567 1744 641 1783 per
672 1728 811 1768 omnia
852 1728 1108 1777 conciliaret,
1141 1728 1362 1781 missisque
1403 1728 1544 1768 statim
1578 1727 1741 1767 nuntiis

348 1797 630 1837 venerabilem
651 1802 928 1849 sanctumque
946 1796 1083 1835 virum
1108 1796 1358 1836 Anselmum
1392 1794 1738 1835 Cantuariensem

347 1864 719 1918 archiepiscopum,
772 1878 899 1916 quem
953 1878 1001 1904 ea
1040 1870 1304 1917 tempestate,
1360 1863 1473 1916 quod
1524 1862 1740 1902 libertates

347 1931 534 1972 ecclesiae
585 1931 694 1971 tueri
745 1931 927 1979 volebat,
969 1931 1142 1971 exulare
1190 1929 1463 1984 compulerat,
1505 1929 1556 1969 ab
1607 1929 1739 1970 exilio

346 2005 573 2047 revocaret,
606 1999 864 2052 respondens
895 1998 995 2038 Rex
1031 2013 1073 2038 se
1109 2013 1204 2037 cum
1239 1997 1357 2051 regni
1397 1998 1461 2037 sui
1496 1997 1739 2051 proceribus

347 2065 570 2105 consilium
600 2065 698 2104 inde
730 2065 774 2104 in
807 2065 924 2105 brevi
956 2065 1214 2105 habiturum.
1275 2064 1335 2104 Et
1366 2064 1558 2118 protinus
1595 2074 1740 2104 contra

348 2132 649 2172 dissuasionem
694 2131 738 2171 in
787 2132 1031 2184 praedictam
1082 2131 1293 2180 forestam,
1332 2131 1407 2170 ubi
1445 2138 1509 2171 tot
1548 2131 1738 2170 ecclesias

348 2199 613 2247 destituerat,
636 2204 834 2251 totosque
856 2198 1000 2238 fideles
1028 2197 1101 2251 qui
1133 2198 1269 2250 glebae
1292 2197 1450 2237 ibidem
1477 2198 1529 2237 ab
1560 2197 1737 2250 antiquo

347 2266 518 2321 ascripti
554 2265 724 2305 fuerant
746 2264 1131 2305 immisericorditer
1162 2264 1504 2313 exheredaverat,
1537 2271 1736 2304 venatum

346 2333 437 2374 ivit.
497 2333 589 2374 Nec
623 2347 753 2382 mora,
776 2332 913 2372 soluta
944 2348 1018 2386 per
1054 2332 1426 2386 interemptionem
1464 2332 1733 2372 contentione

346 2401 421 2441 ubi
472 2400 666 2454 deliquit,
718 2399 873 2440 casuali
923 2400 1142 2454 cujusdam
1193 2415 1365 2440 suorum
1425 2400 1515 2440 ictu
1565 2399 1732 2453 sagittae

345 2468 529 2509 letaliter
558 2482 782 2522 percussus
803 2467 1007 2508 decubuit
1025 2484 1033 2516 ;
1055 2467 1177 2507 miles
1212 2467 1323 2507 enim
1362 2467 1520 2507 directo
1541 2467 1584 2507 in
1603 2466 1735 2507 feram

345 2536 445 2585 telo,
462 2542 571 2575 nutu
586 2535 728 2575 divino
747 2535 898 2575 caelum
914 2535 1073 2589 pariter
1087 2542 1128 2575 et
1142 2535 1275 2575 telum
1288 2541 1476 2588 regente,
1497 2549 1579 2574 non
1602 2535 1733 2574 feram

345 2618 395 2643 eo
415 2603 488 2642 sed
508 2602 661 2650 ferum,
685 2608 727 2641 et
747 2603 907 2656 absque
928 2603 1053 2642 modo
1074 2602 1271 2652 ferocem,
1295 2602 1663 2656 transpenetravit.

403 2669 506 2710 Fuit
523 2675 566 2709 et
597 2668 678 2708 alia
697 2683 869 2722 quoque
891 2668 942 2708 de
963 2669 1112 2708 eodem
1132 2668 1237 2708 visio
1258 2668 1471 2718 notabilis,
1506 2669 1605 2722 quia
1624 2684 1734 2723 prae-

345 2736 535 2776 munitus
556 2734 779 2776 aDomino
796 2742 838 2775 et
858 2735 1150 2789 praemonituS,
1173 2735 1247 2789 qui
1268 2735 1401 2788 magis
1419 2735 1733 2776 conversionem

348 2802 513 2857 appetit
525 2802 757 2857 peccatoris
771 2816 897 2854 quam
913 2802 1182 2851 eversionem,
1196 2802 1407 2855 longeque
1421 2802 1552 2855 magis
1566 2809 1615 2842 ut
1624 2803 1736 2842 vivat
